Winamax Poker - CashGame - HandId: #7274482-263-1425938226 - Holdem no limit (0.01€/0.02€) - 2015/03/09 21:57:06 UTC
Table: 'Aix-la-Chapelle 09' 9-max (real money) Seat #1 is the button
Seat 1: Incognito 1 (1.82€)
Seat 2: Incognito 2 (2€)
Seat 3: Incognito 3 (2€)
Seat 4: Incognito 4 (2.90€)
Seat 5: Incognito 5 (0.75€)
Seat 6: Incognito 6 (2.64€)
Seat 7: Incognito 7 (4.44€)
Seat 8: tc1591 (0.80€)
Seat 9: Incognito 9 (1.13€)
*** ANTE/BLINDS ***
Incognito 3 posts small blind 0.01€
Incognito 5 posts big blind 0.02€
*** PRE-FLOP *** 
Incognito 6 raises 0.05€ to 0.07€
Incognito 7 folds
Incognito 9 folds
Incognito 1 calls 0.07€
Incognito 3 folds
Incognito 5 folds
*** FLOP *** [4c 7h Th]
Incognito 6 bets 0.10€
Incognito 1 calls 0.10€
*** TURN *** [4c 7h Th][6h]
Incognito 6 checks
Incognito 1 checks
*** RIVER *** [4c 7h Th 6h][Td]
Incognito 6 checks
Incognito 1 bets 0.25€
Incognito 6 calls 0.25€
*** SHOW DOWN ***
Incognito 6 shows [Qh Qc] (Two pairs : Queens and Tens)
Incognito 1 shows [3h 4h] (Flush Ten high)
Incognito 1 collected 0.81€ from pot
*** SUMMARY ***
Total pot 0.81€ | Rake 0.06€
Board: [4c 7h Th 6h Td]
Seat 1: Incognito 1 (button) showed [3h 4h] and won 0.81€ with Flush Ten high
Seat 6: Incognito 6 showed [Qh Qc] and lost with Two pairs : Queens and Tens


Winamax Poker - CashGame - HandId: #7274482-264-1425938290 - Holdem no limit (0.01€/0.02€) - 2015/03/09 21:58:10 UTC
Table: 'Aix-la-Chapelle 09' 9-max (real money) Seat #3 is the button
Seat 1: Incognito 1 (2.21€)
Seat 2: Incognito 2 (2€)
Seat 3: Incognito 3 (2€)
Seat 4: Incognito 4 (2.90€)
Seat 5: Incognito 5 (0.73€)
Seat 6: Incognito 6 (2.22€)
Seat 7: Incognito 7 (4.44€)
Seat 8: tc1591 (0.80€)
Seat 9: Incognito 9 (1.13€)
*** ANTE/BLINDS ***
Incognito 5 posts small blind 0.01€
Incognito 6 posts big blind 0.02€
*** PRE-FLOP *** 
Incognito 7 folds
Incognito 9 folds
Incognito 1 folds
Incognito 3 folds
Incognito 5 folds
Incognito 6 collected 0.03€ from pot
*** SUMMARY ***
Total pot 0.03€ | No rake
Seat 6: Incognito 6 (big blind) won 0.03€


Winamax Poker - CashGame - HandId: #7274482-265-1425938318 - Holdem no limit (0.01€/0.02€) - 2015/03/09 21:58:38 UTC
Table: 'Aix-la-Chapelle 09' 9-max (real money) Seat #5 is the button
Seat 1: Incognito 1 (2.21€)
Seat 2: Incognito 2 (2€)
Seat 3: Incognito 3 (2€)
Seat 4: Incognito 4 (2.90€)
Seat 5: Incognito 5 (0.72€)
Seat 6: Incognito 6 (2.23€)
Seat 7: Incognito 7 (4.44€)
Seat 8: tc1591 (0.80€)
Seat 9: Incognito 9 (1.13€)
*** ANTE/BLINDS ***
Incognito 6 posts small blind 0.01€
Incognito 7 posts big blind 0.02€
*** PRE-FLOP *** 
Incognito 9 raises 0.04€ to 0.06€
Incognito 1 calls 0.06€
Incognito 3 folds
Incognito 5 folds
Incognito 6 folds
Incognito 7 folds
*** FLOP *** [4s Js Jh]
Incognito 9 bets 0.04€
Incognito 1 folds
Incognito 9 collected 0.18€ from pot
*** SUMMARY ***
Total pot 0.18€ | Rake 0.01€
Board: [4s Js Jh]
Seat 9: Incognito 9 won 0.18€


Winamax Poker - CashGame - HandId: #7274482-266-1425938370 - Holdem no limit (0.01€/0.02€) - 2015/03/09 21:59:30 UTC
Table: 'Aix-la-Chapelle 09' 9-max (real money) Seat #6 is the button
Seat 1: Incognito 1 (2.15€)
Seat 2: Incognito 2 (2€)
Seat 3: Incognito 3 (2€)
Seat 4: Incognito 4 (2.90€)
Seat 5: Incognito 5 (0.72€)
Seat 6: Incognito 6 (2.22€)
Seat 7: Incognito 7 (4.42€)
Seat 8: tc1591 (0.80€)
Seat 9: Incognito 9 (1.21€)
*** ANTE/BLINDS ***
Incognito 7 posts small blind 0.01€
tc1591 posts big blind 0.02€
Dealt to tc1591 [Kh Kd]
*** PRE-FLOP *** 
Incognito 9 folds
Incognito 1 raises 0.02€ to 0.04€
Incognito 3 folds
Incognito 5 folds
Incognito 6 calls 0.04€
Incognito 7 calls 0.03€
tc1591 raises 0.20€ to 0.24€
Incognito 1 folds
Incognito 6 folds
Incognito 7 folds
tc1591 collected 0.36€ from pot
*** SUMMARY ***
Total pot 0.36€ | No rake
Seat 8: tc1591 (big blind) won 0.36€


Winamax Poker - CashGame - HandId: #7274482-267-1425938434 - Holdem no limit (0.01€/0.02€) - 2015/03/09 22:00:34 UTC
Table: 'Aix-la-Chapelle 09' 9-max (real money) Seat #7 is the button
Seat 1: Incognito 1 (2.11€)
Seat 2: Incognito 2 (2€)
Seat 3: Incognito 3 (2€)
Seat 4: Incognito 4 (2.90€)
Seat 5: Incognito 5 (0.72€)
Seat 6: Incognito 6 (2.18€)
Seat 7: Incognito 7 (4.38€)
Seat 8: tc1591 (0.92€)
Seat 9: Incognito 9 (1.21€)
*** ANTE/BLINDS ***
tc1591 posts small blind 0.01€
Incognito 9 posts big blind 0.02€
Dealt to tc1591 [Qd 2c]
*** PRE-FLOP *** 
Incognito 1 raises 0.04€ to 0.06€
Incognito 3 folds
Incognito 5 folds
Incognito 6 calls 0.06€
Incognito 7 folds
tc1591 folds
Incognito 9 calls 0.04€
*** FLOP *** [3s 5d 4s]
Incognito 9 bets 0.10€
Incognito 1 folds
Incognito 6 folds
Incognito 9 collected 0.28€ from pot
*** SUMMARY ***
Total pot 0.28€ | Rake 0.01€
Board: [3s 5d 4s]
Seat 9: Incognito 9 (big blind) won 0.28€


Winamax Poker - CashGame - HandId: #7274482-268-1425938501 - Holdem no limit (0.01€/0.02€) - 2015/03/09 22:01:41 UTC
Table: 'Aix-la-Chapelle 09' 9-max (real money) Seat #8 is the button
Seat 1: Incognito 1 (2.05€)
Seat 3: Incognito 3 (2€)
Seat 4: Incognito 4 (2.90€)
Seat 5: Incognito 5 (0.72€)
Seat 6: Incognito 6 (2.12€)
Seat 7: Incognito 7 (4.38€)
Seat 8: tc1591 (0.91€)
Seat 9: Incognito 9 (1.33€)
*** ANTE/BLINDS ***
Incognito 9 posts small blind 0.01€
Incognito 1 posts big blind 0.02€
Dealt to tc1591 [2h 4c]
*** PRE-FLOP *** 
Incognito 3 folds
Incognito 5 folds
Incognito 6 folds
Incognito 7 raises 0.04€ to 0.06€
tc1591 folds
Incognito 9 folds
Incognito 1 folds
Incognito 7 collected 0.09€ from pot
*** SUMMARY ***
Total pot 0.09€ | No rake
Seat 7: Incognito 7 won 0.09€


Winamax Poker - CashGame - HandId: #7274482-269-1425938531 - Holdem no limit (0.01€/0.02€) - 2015/03/09 22:02:11 UTC
Table: 'Aix-la-Chapelle 09' 9-max (real money) Seat #9 is the button
Seat 1: Incognito 1 (2.03€)
Seat 3: Incognito 3 (2€)
Seat 4: Incognito 4 (2.90€)
Seat 5: Incognito 5 (0.72€)
Seat 6: Incognito 6 (2.12€)
Seat 7: Incognito 7 (4.41€)
Seat 8: tc1591 (0.91€)
Seat 9: Incognito 9 (1.32€)
*** ANTE/BLINDS ***
Incognito 1 posts small blind 0.01€
Incognito 3 posts big blind 0.02€
Dealt to tc1591 [8d Jh]
*** PRE-FLOP *** 
Incognito 5 raises 0.03€ to 0.05€
Incognito 6 folds
Incognito 7 folds
tc1591 folds
Incognito 9 folds
Incognito 1 folds
Incognito 3 folds
Incognito 5 collected 0.08€ from pot
*** SUMMARY ***
Total pot 0.08€ | No rake
Seat 5: Incognito 5 won 0.08€


Winamax Poker - CashGame - HandId: #7274482-270-1425938562 - Holdem no limit (0.01€/0.02€) - 2015/03/09 22:02:42 UTC
Table: 'Aix-la-Chapelle 09' 9-max (real money) Seat #1 is the button
Seat 1: Incognito 1 (2.02€)
Seat 3: Incognito 3 (2€)
Seat 4: Incognito 4 (2.90€)
Seat 5: Incognito 5 (0.75€)
Seat 6: Incognito 6 (2.12€)
Seat 7: Incognito 7 (4.41€)
Seat 8: tc1591 (0.91€)
Seat 9: Incognito 9 (1.32€)
*** ANTE/BLINDS ***
Incognito 3 posts small blind 0.01€
Incognito 5 posts big blind 0.02€
Dealt to tc1591 [Td 9d]
*** PRE-FLOP *** 
Incognito 6 folds
Incognito 7 folds
tc1591 raises 0.04€ to 0.06€
Incognito 9 folds
Incognito 1 calls 0.06€
Incognito 3 calls 0.05€
Incognito 5 folds
*** FLOP *** [8c Kh 6s]
Incognito 3 checks
tc1591 checks
Incognito 1 bets 0.13€
Incognito 3 folds
tc1591 folds
Incognito 1 collected 0.32€ from pot
*** SUMMARY ***
Total pot 0.32€ | Rake 0.01€
Board: [8c Kh 6s]
Seat 1: Incognito 1 (button) won 0.32€


Winamax Poker - CashGame - HandId: #7274482-271-1425938632 - Holdem no limit (0.01€/0.02€) - 2015/03/09 22:03:52 UTC
Table: 'Aix-la-Chapelle 09' 9-max (real money) Seat #3 is the button
Seat 1: Incognito 1 (2.15€)
Seat 3: Incognito 3 (2€)
Seat 4: Incognito 4 (2.90€)
Seat 5: Incognito 5 (0.73€)
Seat 6: Incognito 6 (2.12€)
Seat 7: Incognito 7 (4.41€)
Seat 8: tc1591 (0.85€)
Seat 9: Incognito 9 (1.32€)
*** ANTE/BLINDS ***
Incognito 5 posts small blind 0.01€
Incognito 6 posts big blind 0.02€
Dealt to tc1591 [9s 4c]
*** PRE-FLOP *** 
Incognito 7 folds
tc1591 folds
Incognito 9 folds
Incognito 1 folds
Incognito 3 folds
Incognito 5 folds
Incognito 6 collected 0.03€ from pot
*** SUMMARY ***
Total pot 0.03€ | No rake
Seat 6: Incognito 6 (big blind) won 0.03€


Winamax Poker - CashGame - HandId: #7274482-272-1425938655 - Holdem no limit (0.01€/0.02€) - 2015/03/09 22:04:15 UTC
Table: 'Aix-la-Chapelle 09' 9-max (real money) Seat #5 is the button
Seat 1: Incognito 1 (2.15€)
Seat 3: Incognito 3 (2€)
Seat 4: Incognito 4 (2.90€)
Seat 5: Incognito 5 (0.72€)
Seat 6: Incognito 6 (2.13€)
Seat 7: Incognito 7 (4.41€)
Seat 8: tc1591 (0.85€)
Seat 9: Incognito 9 (1.32€)
*** ANTE/BLINDS ***
Incognito 6 posts small blind 0.01€
Incognito 7 posts big blind 0.02€
Dealt to tc1591 [Qs Jc]
*** PRE-FLOP *** 
tc1591 raises 0.04€ to 0.06€
Incognito 9 folds
Incognito 1 folds
Incognito 3 folds
Incognito 5 folds
Incognito 6 folds
Incognito 7 calls 0.04€
*** FLOP *** [9d As 6d]
Incognito 7 checks
tc1591 bets 0.06€
Incognito 7 calls 0.06€
*** TURN *** [9d As 6d][Ts]
Incognito 7 checks
tc1591 checks
*** RIVER *** [9d As 6d Ts][9h]
Incognito 7 checks
tc1591 checks
*** SHOW DOWN ***
tc1591 shows [Qs Jc] (One pair : 9)
Incognito 7 shows [8d Ad] (Two pairs : Aces and 9)
Incognito 7 collected 0.23€ from pot
*** SUMMARY ***
Total pot 0.23€ | Rake 0.02€
Board: [9d As 6d Ts 9h]
Seat 7: Incognito 7 (big blind) showed [8d Ad] and won 0.23€ with Two pairs : Aces and 9
Seat 8: tc1591 showed [Qs Jc] and lost with One pair : 9


Winamax Poker - CashGame - HandId: #7274482-273-1425938717 - Holdem no limit (0.01€/0.02€) - 2015/03/09 22:05:17 UTC
Table: 'Aix-la-Chapelle 09' 9-max (real money) Seat #6 is the button
Seat 1: Incognito 1 (2.15€)
Seat 2: Incognito 2 (2€)
Seat 3: Incognito 3 (2€)
Seat 4: Incognito 4 (2.90€)
Seat 5: Incognito 5 (0.72€)
Seat 6: Incognito 6 (2.12€)
Seat 7: Incognito 7 (4.52€)
Seat 8: tc1591 (0.73€)
Seat 9: Incognito 9 (1.32€)
*** ANTE/BLINDS ***
Incognito 7 posts small blind 0.01€
tc1591 posts big blind 0.02€
Dealt to tc1591 [Qd 9s]
*** PRE-FLOP *** 
Incognito 9 folds
Incognito 1 folds
Incognito 3 folds
Incognito 5 folds
Incognito 6 folds
Incognito 7 folds
tc1591 collected 0.03€ from pot
*** SUMMARY ***
Total pot 0.03€ | No rake
Seat 8: tc1591 (big blind) won 0.03€


Winamax Poker - CashGame - HandId: #7274482-274-1425938755 - Holdem no limit (0.01€/0.02€) - 2015/03/09 22:05:55 UTC
Table: 'Aix-la-Chapelle 09' 9-max (real money) Seat #7 is the button
Seat 1: Incognito 1 (2.15€)
Seat 2: Incognito 2 (2€)
Seat 3: Incognito 3 (2€)
Seat 4: Incognito 4 (2.90€)
Seat 5: Incognito 5 (0.72€)
Seat 6: Incognito 6 (2.12€)
Seat 7: Incognito 7 (4.51€)
Seat 8: tc1591 (0.74€)
Seat 9: Incognito 9 (1.32€)
*** ANTE/BLINDS ***
tc1591 posts small blind 0.01€
Incognito 9 posts big blind 0.02€
Dealt to tc1591 [7s Qc]
*** PRE-FLOP *** 
Incognito 1 folds
Incognito 3 folds
Incognito 5 calls 0.02€
Incognito 6 calls 0.02€
Incognito 7 folds
tc1591 calls 0.01€
Incognito 9 checks
*** FLOP *** [Qs 9d 4s]
tc1591 checks
Incognito 9 checks
Incognito 5 checks
Incognito 6 checks
*** TURN *** [Qs 9d 4s][2d]
tc1591 bets 0.04€
Incognito 9 folds
Incognito 5 calls 0.04€
Incognito 6 folds
*** RIVER *** [Qs 9d 4s 2d][7d]
tc1591 checks
Incognito 5 bets 0.08€
tc1591 calls 0.08€
*** SHOW DOWN ***
Incognito 5 shows [5d Ah] (High card : Ace)
tc1591 shows [7s Qc] (Two pairs : Queens and 7)
tc1591 collected 0.30€ from pot
*** SUMMARY ***
Total pot 0.30€ | Rake 0.02€
Board: [Qs 9d 4s 2d 7d]
Seat 5: Incognito 5 showed [5d Ah] and lost with High card : Ace
Seat 8: tc1591 (small blind) showed [7s Qc] and won 0.30€ with Two pairs : Queens and 7


Winamax Poker - CashGame - HandId: #7274482-275-1425938861 - Holdem no limit (0.01€/0.02€) - 2015/03/09 22:07:41 UTC
Table: 'Aix-la-Chapelle 09' 9-max (real money) Seat #8 is the button
Seat 1: Incognito 1 (2.15€)
Seat 2: Incognito 2 (2€)
Seat 3: Incognito 3 (2€)
Seat 4: Incognito 4 (2.90€)
Seat 5: Incognito 5 (0.58€)
Seat 6: Incognito 6 (2.10€)
Seat 7: Incognito 7 (4.51€)
Seat 8: tc1591 (0.90€)
Seat 9: Incognito 9 (1.30€)
*** ANTE/BLINDS ***
Incognito 9 posts small blind 0.01€
Incognito 1 posts big blind 0.02€
Dealt to tc1591 [Jd 9c]
*** PRE-FLOP *** 
Incognito 3 folds
Incognito 5 folds
Incognito 6 folds
Incognito 7 calls 0.02€
tc1591 folds
Incognito 9 calls 0.01€
Incognito 1 checks
*** FLOP *** [7s 7d 8d]
Incognito 9 bets 0.05€
Incognito 1 folds
Incognito 7 calls 0.05€
*** TURN *** [7s 7d 8d][2h]
Incognito 9 bets 0.16€
Incognito 7 folds
Incognito 9 collected 0.31€ from pot
*** SUMMARY ***
Total pot 0.31€ | Rake 0.01€
Board: [7s 7d 8d 2h]
Seat 9: Incognito 9 (small blind) won 0.31€


Winamax Poker - CashGame - HandId: #7274482-276-1425938910 - Holdem no limit (0.01€/0.02€) - 2015/03/09 22:08:30 UTC
Table: 'Aix-la-Chapelle 09' 9-max (real money) Seat #9 is the button
Seat 1: Incognito 1 (2.13€)
Seat 2: Incognito 2 (2€)
Seat 3: Incognito 3 (2€)
Seat 4: Incognito 4 (2.90€)
Seat 5: Incognito 5 (0.58€)
Seat 6: Incognito 6 (2.10€)
Seat 7: Incognito 7 (4.44€)
Seat 8: tc1591 (0.90€)
Seat 9: Incognito 9 (1.38€)
*** ANTE/BLINDS ***
Incognito 1 posts small blind 0.01€
Incognito 2 posts big blind 0.02€
Dealt to tc1591 [4c 8c]
*** PRE-FLOP *** 
Incognito 3 folds
Incognito 5 folds
Incognito 6 folds
Incognito 7 folds
tc1591 folds
Incognito 9 folds
Incognito 1 calls 0.01€
Incognito 2 checks
*** FLOP *** [9c Jh 4d]
Incognito 1 checks
Incognito 2 checks
*** TURN *** [9c Jh 4d][8h]
Incognito 1 bets 0.02€
Incognito 2 calls 0.02€
*** RIVER *** [9c Jh 4d 8h][6d]
Incognito 1 bets 0.02€
Incognito 2 raises 0.12€ to 0.14€
Incognito 1 folds
Incognito 2 collected 0.23€ from pot
*** SUMMARY ***
Total pot 0.23€ | Rake 0.01€
Board: [9c Jh 4d 8h 6d]
Seat 2: Incognito 2 (big blind) won 0.23€


Winamax Poker - CashGame - HandId: #7274482-277-1425938956 - Holdem no limit (0.01€/0.02€) - 2015/03/09 22:09:16 UTC
Table: 'Aix-la-Chapelle 09' 9-max (real money) Seat #1 is the button
Seat 1: Incognito 1 (2.07€)
Seat 2: Incognito 2 (2.05€)
Seat 3: Incognito 3 (2€)
Seat 4: Incognito 4 (2.90€)
Seat 5: Incognito 5 (0.58€)
Seat 6: Incognito 6 (2.10€)
Seat 7: Incognito 7 (4.44€)
Seat 8: tc1591 (0.90€)
Seat 9: Incognito 9 (1.38€)
*** ANTE/BLINDS ***
Incognito 2 posts small blind 0.01€
Incognito 3 posts big blind 0.02€
Dealt to tc1591 [Ad 3h]
*** PRE-FLOP *** 
Incognito 5 folds
Incognito 6 raises 0.05€ to 0.07€
Incognito 7 folds
tc1591 folds
Incognito 9 folds
Incognito 1 calls 0.07€
Incognito 2 calls 0.06€
Incognito 3 folds
*** FLOP *** [4s 6d 4d]
Incognito 2 checks
Incognito 6 bets 0.15€
Incognito 1 folds
Incognito 2 folds
Incognito 6 collected 0.37€ from pot
*** SUMMARY ***
Total pot 0.37€ | Rake 0.01€
Board: [4s 6d 4d]
Seat 6: Incognito 6 won 0.37€


Winamax Poker - CashGame - HandId: #7274482-278-1425939025 - Holdem no limit (0.01€/0.02€) - 2015/03/09 22:10:25 UTC
Table: 'Aix-la-Chapelle 09' 9-max (real money) Seat #2 is the button
Seat 1: Incognito 1 (2€)
Seat 2: Incognito 2 (2€)
Seat 3: Incognito 3 (2€)
Seat 4: Incognito 4 (2.90€)
Seat 5: Incognito 5 (0.58€)
Seat 6: Incognito 6 (2.25€)
Seat 7: Incognito 7 (4.44€)
Seat 8: tc1591 (0.90€)
Seat 9: Incognito 9 (1.38€)
*** ANTE/BLINDS ***
Incognito 3 posts small blind 0.01€
Incognito 4 posts big blind 0.02€
Dealt to tc1591 [Th 2h]
*** PRE-FLOP *** 
Incognito 5 folds
Incognito 6 folds
Incognito 7 folds
tc1591 folds
Incognito 9 folds
Incognito 1 raises 0.02€ to 0.04€
Incognito 2 folds
Incognito 3 folds
Incognito 4 calls 0.02€
*** FLOP *** [Ks 9c Qh]
Incognito 4 checks
Incognito 1 checks
*** TURN *** [Ks 9c Qh][8s]
Incognito 4 checks
Incognito 1 bets 0.05€
Incognito 4 calls 0.05€
*** RIVER *** [Ks 9c Qh 8s][7d]
Incognito 4 checks
Incognito 1 checks
*** SHOW DOWN ***
Incognito 4 shows [6s As] (High card : Ace)
Incognito 1 shows [Ts 9h] (One pair : 9)
Incognito 1 collected 0.18€ from pot
*** SUMMARY ***
Total pot 0.18€ | Rake 0.01€
Board: [Ks 9c Qh 8s 7d]
Seat 1: Incognito 1 showed [Ts 9h] and won 0.18€ with One pair : 9
Seat 4: Incognito 4 (big blind) showed [6s As] and lost with High card : Ace


Winamax Poker - CashGame - HandId: #7274482-279-1425939113 - Holdem no limit (0.01€/0.02€) - 2015/03/09 22:11:53 UTC
Table: 'Aix-la-Chapelle 09' 9-max (real money) Seat #3 is the button
Seat 1: Incognito 1 (2.09€)
Seat 2: Incognito 2 (2€)
Seat 3: Incognito 3 (2€)
Seat 4: Incognito 4 (2.81€)
Seat 5: Incognito 5 (0.58€)
Seat 6: Incognito 6 (2.25€)
Seat 7: Incognito 7 (4.44€)
Seat 8: tc1591 (0.90€)
Seat 9: Incognito 9 (1.38€)
*** ANTE/BLINDS ***
Incognito 4 posts small blind 0.01€
Incognito 5 posts big blind 0.02€
Dealt to tc1591 [6d Ah]
*** PRE-FLOP *** 
Incognito 6 folds
Incognito 7 folds
tc1591 raises 0.05€ to 0.07€
Incognito 9 folds
Incognito 1 folds
Incognito 2 folds
Incognito 3 folds
Incognito 4 folds
Incognito 5 folds
tc1591 collected 0.10€ from pot
*** SUMMARY ***
Total pot 0.10€ | No rake
Seat 8: tc1591 won 0.10€


Winamax Poker - CashGame - HandId: #7274482-280-1425939148 - Holdem no limit (0.01€/0.02€) - 2015/03/09 22:12:28 UTC
Table: 'Aix-la-Chapelle 09' 9-max (real money) Seat #4 is the button
Seat 1: Incognito 1 (2.09€)
Seat 2: Incognito 2 (2€)
Seat 3: Incognito 3 (2€)
Seat 4: Incognito 4 (2.80€)
Seat 5: Incognito 5 (0.56€)
Seat 6: Incognito 6 (2.25€)
Seat 7: Incognito 7 (4.44€)
Seat 8: tc1591 (0.93€)
Seat 9: Incognito 9 (1.38€)
*** ANTE/BLINDS ***
Incognito 5 posts small blind 0.01€
Incognito 6 posts big blind 0.02€
Dealt to tc1591 [3h 6h]
*** PRE-FLOP *** 
Incognito 7 folds
tc1591 folds
Incognito 9 folds
Incognito 1 folds
Incognito 2 folds
Incognito 3 folds
Incognito 4 folds
Incognito 5 calls 0.01€
Incognito 6 checks
*** FLOP *** [8s Qs Kd]
Incognito 5 bets 0.04€
Incognito 6 folds
Incognito 5 collected 0.08€ from pot
*** SUMMARY ***
Total pot 0.08€ | No rake
Board: [8s Qs Kd]
Seat 5: Incognito 5 (small blind) won 0.08€


Winamax Poker - CashGame - HandId: #7274482-281-1425939216 - Holdem no limit (0.01€/0.02€) - 2015/03/09 22:13:36 UTC
Table: 'Aix-la-Chapelle 09' 9-max (real money) Seat #5 is the button
Seat 1: Incognito 1 (2.09€)
Seat 2: Incognito 2 (2€)
Seat 3: Incognito 3 (2€)
Seat 4: Incognito 4 (2.80€)
Seat 5: Incognito 5 (0.58€)
Seat 6: Incognito 6 (2.23€)
Seat 7: Incognito 7 (4.44€)
Seat 8: tc1591 (0.93€)
Seat 9: Incognito 9 (1.38€)
*** ANTE/BLINDS ***
Incognito 6 posts small blind 0.01€
Incognito 7 posts big blind 0.02€
Dealt to tc1591 [Ks 5h]
*** PRE-FLOP *** 
tc1591 folds
Incognito 9 folds
Incognito 1 folds
Incognito 2 folds
Incognito 3 folds
Incognito 4 folds
Incognito 5 folds
Incognito 6 raises 0.05€ to 0.07€
Incognito 7 calls 0.05€
*** FLOP *** [2h 8h Td]
Incognito 6 checks
Incognito 7 bets 0.08€
Incognito 6 folds
Incognito 7 collected 0.21€ from pot
*** SUMMARY ***
Total pot 0.21€ | Rake 0.01€
Board: [2h 8h Td]
Seat 7: Incognito 7 (big blind) won 0.21€


Winamax Poker - CashGame - HandId: #7274482-282-1425939285 - Holdem no limit (0.01€/0.02€) - 2015/03/09 22:14:45 UTC
Table: 'Aix-la-Chapelle 09' 9-max (real money) Seat #6 is the button
Seat 1: Incognito 1 (2.09€)
Seat 2: Incognito 2 (2€)
Seat 3: Incognito 3 (2€)
Seat 4: Incognito 4 (2.80€)
Seat 5: Incognito 5 (0.58€)
Seat 6: Incognito 6 (2.16€)
Seat 7: Incognito 7 (4.50€)
Seat 8: tc1591 (0.93€)
Seat 9: Incognito 9 (1.38€)
*** ANTE/BLINDS ***
Incognito 7 posts small blind 0.01€
tc1591 posts big blind 0.02€
Dealt to tc1591 [9c Tc]
*** PRE-FLOP *** 
Incognito 9 folds
Incognito 1 folds
Incognito 2 folds
Incognito 3 folds
Incognito 4 folds
Incognito 5 folds
Incognito 6 folds
Incognito 7 calls 0.01€
tc1591 checks
*** FLOP *** [As Qs Ac]
Incognito 7 bets 0.05€
tc1591 calls 0.05€
*** TURN *** [As Qs Ac][2h]
Incognito 7 checks
tc1591 bets 0.86€ and is all-in
Incognito 7 folds
tc1591 collected 0.99€ from pot
*** SUMMARY ***
Total pot 0.99€ | Rake 0.01€
Board: [As Qs Ac 2h]
Seat 8: tc1591 (big blind) won 0.99€


Winamax Poker - CashGame - HandId: #7274482-283-1425939368 - Holdem no limit (0.01€/0.02€) - 2015/03/09 22:16:08 UTC
Table: 'Aix-la-Chapelle 09' 9-max (real money) Seat #7 is the button
Seat 1: Incognito 1 (2.09€)
Seat 2: Incognito 2 (2€)
Seat 3: Incognito 3 (2€)
Seat 4: Incognito 4 (2.80€)
Seat 5: Incognito 5 (0.58€)
Seat 6: Incognito 6 (2.16€)
Seat 7: Incognito 7 (4.43€)
Seat 8: tc1591 (0.99€)
Seat 9: Incognito 9 (1.38€)
*** ANTE/BLINDS ***
Incognito 9 denies big blind
tc1591 posts small blind 0.01€
Incognito 1 posts big blind 0.02€
Dealt to tc1591 [Td 9s]
*** PRE-FLOP *** 
Incognito 2 folds
Incognito 3 folds
Incognito 4 raises 0.07€ to 0.09€
Incognito 5 raises 0.07€ to 0.16€
Incognito 6 folds
Incognito 7 folds
tc1591 folds
Incognito 1 folds
Incognito 4 raises 2.64€ to 2.80€ and is all-in
Incognito 5 calls 0.42€ and is all-in
*** FLOP *** [7d 6h 2s]
*** TURN *** [7d 6h 2s][6s]
*** RIVER *** [7d 6h 2s 6s][9d]
*** SHOW DOWN ***
Incognito 5 shows [Kc As] (One pair : 6)
Incognito 4 shows [Ah Ks] (One pair : 6)
Incognito 4 collected 2.78€ from side pot 1
Incognito 5 collected 0.55€ from main pot
*** SUMMARY ***
Total pot 3.33€ | Rake 0.08€
Board: [7d 6h 2s 6s 9d]
Seat 4: Incognito 4 showed [Ah Ks] and won 2.78€ with One pair : 6
Seat 5: Incognito 5 showed [Kc As] and won 0.55€ with One pair : 6


Winamax Poker - CashGame - HandId: #7274482-284-1425939469 - Holdem no limit (0.01€/0.02€) - 2015/03/09 22:17:49 UTC
Table: 'Aix-la-Chapelle 09' 9-max (real money) Seat #8 is the button
Seat 1: Incognito 1 (2.07€)
Seat 2: Incognito 2 (2€)
Seat 3: Incognito 3 (2€)
Seat 4: Incognito 4 (2.78€)
Seat 5: Incognito 5 (0.55€)
Seat 6: Incognito 6 (2.16€)
Seat 7: Incognito 7 (4.43€)
Seat 8: tc1591 (0.98€)
Seat 9: Incognito 9 (2.16€)
*** ANTE/BLINDS ***
Incognito 1 posts small blind 0.01€
Incognito 2 posts big blind 0.02€
Dealt to tc1591 [Qh Kh]
*** PRE-FLOP *** 
Incognito 3 raises 0.08€ to 0.10€
Incognito 4 folds
Incognito 5 folds
Incognito 6 folds
Incognito 7 folds
tc1591 calls 0.10€
Incognito 1 calls 0.09€
Incognito 2 folds
*** FLOP *** [6d As 2h]
Incognito 1 checks
Incognito 3 checks
tc1591 bets 0.32€
Incognito 1 folds
Incognito 3 folds
tc1591 collected 0.62€ from pot
*** SUMMARY ***
Total pot 0.62€ | Rake 0.02€
Board: [6d As 2h]
Seat 8: tc1591 (button) won 0.62€


Winamax Poker - CashGame - HandId: #7274482-285-1425939546 - Holdem no limit (0.01€/0.02€) - 2015/03/09 22:19:06 UTC
Table: 'Aix-la-Chapelle 09' 9-max (real money) Seat #1 is the button
Seat 1: Incognito 1 (1.97€)
Seat 2: Incognito 2 (2€)
Seat 3: Incognito 3 (2€)
Seat 4: Incognito 4 (2.78€)
Seat 5: Incognito 5 (0.55€)
Seat 6: Incognito 6 (2.16€)
Seat 7: Incognito 7 (4.43€)
Seat 8: tc1591 (1.18€)
Seat 9: Incognito 9 (2.16€)
*** ANTE/BLINDS ***
Incognito 2 posts small blind 0.01€
Incognito 3 posts big blind 0.02€
Dealt to tc1591 [Ah Tc]
*** PRE-FLOP *** 
Incognito 4 folds
Incognito 5 folds
Incognito 6 folds
Incognito 7 folds
tc1591 raises 0.04€ to 0.06€
Incognito 1 folds
Incognito 2 folds
Incognito 3 folds
tc1591 collected 0.09€ from pot
*** SUMMARY ***
Total pot 0.09€ | No rake
Seat 8: tc1591 won 0.09€


Winamax Poker - CashGame - HandId: #7274482-286-1425939622 - Holdem no limit (0.01€/0.02€) - 2015/03/09 22:20:22 UTC
Table: 'Aix-la-Chapelle 09' 9-max (real money) Seat #2 is the button
Seat 1: Incognito 1 (1.97€)
Seat 2: Incognito 2 (1.99€)
Seat 3: Incognito 3 (2€)
Seat 4: Incognito 4 (2.78€)
Seat 5: Incognito 5 (0.55€)
Seat 6: Incognito 6 (2.16€)
Seat 7: Incognito 7 (4.43€)
Seat 8: tc1591 (1.21€)
Seat 9: Incognito 9 (2.16€)
*** ANTE/BLINDS ***
Incognito 3 posts small blind 0.01€
Incognito 4 posts big blind 0.02€
Dealt to tc1591 [8c Ks]
*** PRE-FLOP *** 
Incognito 5 folds
Incognito 6 raises 0.05€ to 0.07€
Incognito 7 calls 0.07€
tc1591 folds
Incognito 2 folds
Incognito 3 folds
Incognito 4 folds
*** FLOP *** [9s 2h 6s]
Incognito 6 bets 0.10€
Incognito 7 calls 0.10€
*** TURN *** [9s 2h 6s][7d]
Incognito 6 checks
Incognito 7 checks
*** RIVER *** [9s 2h 6s 7d][3s]
Incognito 6 checks
Incognito 7 checks
*** SHOW DOWN ***
Incognito 7 shows [Jh As] (High card : Ace)
Incognito 6 shows [Ac Kd] (High card : Ace)
Incognito 6 collected 0.35€ from pot
*** SUMMARY ***
Total pot 0.35€ | Rake 0.02€
Board: [9s 2h 6s 7d 3s]
Seat 6: Incognito 6 showed [Ac Kd] and won 0.35€ with High card : Ace
Seat 7: Incognito 7 showed [Jh As] and lost with High card : Ace


Winamax Poker - CashGame - HandId: #7274482-287-1425939682 - Holdem no limit (0.01€/0.02€) - 2015/03/09 22:21:22 UTC
Table: 'Aix-la-Chapelle 09' 9-max (real money) Seat #3 is the button
Seat 1: Incognito 1 (1.97€)
Seat 2: Incognito 2 (1.99€)
Seat 3: Incognito 3 (2€)
Seat 4: Incognito 4 (2.76€)
Seat 5: Incognito 5 (0.55€)
Seat 6: Incognito 6 (2.34€)
Seat 7: Incognito 7 (4.26€)
Seat 8: tc1591 (1.21€)
Seat 9: Incognito 9 (2.16€)
*** ANTE/BLINDS ***
Incognito 4 posts small blind 0.01€
Incognito 5 posts big blind 0.02€
Dealt to tc1591 [5s Ts]
*** PRE-FLOP *** 
Incognito 6 folds
Incognito 7 folds
tc1591 folds
Incognito 1 raises 0.02€ to 0.04€
Incognito 2 folds
Incognito 3 folds
Incognito 4 folds
Incognito 5 calls 0.02€
*** FLOP *** [6h Ks 7c]
Incognito 5 checks
Incognito 1 bets 0.05€
Incognito 5 folds
Incognito 1 collected 0.13€ from pot
*** SUMMARY ***
Total pot 0.13€ | Rake 0.01€
Board: [6h Ks 7c]
Seat 1: Incognito 1 won 0.13€


Winamax Poker - CashGame - HandId: #7274482-288-1425939758 - Holdem no limit (0.01€/0.02€) - 2015/03/09 22:22:38 UTC
Table: 'Aix-la-Chapelle 09' 9-max (real money) Seat #4 is the button
Seat 1: Incognito 1 (2.01€)
Seat 2: Incognito 2 (1.99€)
Seat 3: Incognito 3 (2€)
Seat 4: Incognito 4 (2.75€)
Seat 5: Incognito 5 (0.51€)
Seat 6: Incognito 6 (2.34€)
Seat 7: Incognito 7 (4.26€)
Seat 8: tc1591 (1.21€)
Seat 9: Incognito 9 (2.16€)
*** ANTE/BLINDS ***
Incognito 5 posts small blind 0.01€
Incognito 6 posts big blind 0.02€
Dealt to tc1591 [Qs 9s]
*** PRE-FLOP *** 
Incognito 7 folds
tc1591 raises 0.05€ to 0.07€
Incognito 1 calls 0.07€
Incognito 2 folds
Incognito 3 folds
Incognito 4 folds
Incognito 5 folds
Incognito 6 folds
*** FLOP *** [4d 6d As]
tc1591 bets 0.08€
Incognito 1 calls 0.08€
*** TURN *** [4d 6d As][Kc]
tc1591 checks
Incognito 1 bets 0.22€
tc1591 folds
Incognito 1 collected 0.53€ from pot
*** SUMMARY ***
Total pot 0.53€ | Rake 0.02€
Board: [4d 6d As Kc]
Seat 1: Incognito 1 won 0.53€


Winamax Poker - CashGame - HandId: #7274482-289-1425939836 - Holdem no limit (0.01€/0.02€) - 2015/03/09 22:23:56 UTC
Table: 'Aix-la-Chapelle 09' 9-max (real money) Seat #5 is the button
Seat 1: Incognito 1 (2.17€)
Seat 2: Incognito 2 (1.99€)
Seat 3: Incognito 3 (2€)
Seat 4: Incognito 4 (2.75€)
Seat 5: Incognito 5 (0.50€)
Seat 6: Incognito 6 (2.32€)
Seat 7: Incognito 7 (4.26€)
Seat 8: tc1591 (1.06€)
Seat 9: Incognito 9 (2.16€)
*** ANTE/BLINDS ***
Incognito 6 posts small blind 0.01€
Incognito 7 posts big blind 0.02€
Dealt to tc1591 [Ac Ah]
*** PRE-FLOP *** 
tc1591 raises 0.02€ to 0.04€
Incognito 1 calls 0.04€
Incognito 2 folds
Incognito 3 folds
Incognito 4 folds
Incognito 5 calls 0.04€
Incognito 6 folds
Incognito 7 folds
*** FLOP *** [2h 3h Qc]
tc1591 bets 0.17€
Incognito 1 folds
Incognito 5 folds
tc1591 collected 0.31€ from pot
*** SUMMARY ***
Total pot 0.31€ | Rake 0.01€
Board: [2h 3h Qc]
Seat 8: tc1591 won 0.31€


Winamax Poker - CashGame - HandId: #7274482-290-1425939912 - Holdem no limit (0.01€/0.02€) - 2015/03/09 22:25:12 UTC
Table: 'Aix-la-Chapelle 09' 9-max (real money) Seat #6 is the button
Seat 1: Incognito 1 (2.13€)
Seat 2: Incognito 2 (1.99€)
Seat 3: Incognito 3 (2€)
Seat 4: Incognito 4 (2.75€)
Seat 5: Incognito 5 (0.46€)
Seat 6: Incognito 6 (2.31€)
Seat 7: Incognito 7 (4.24€)
Seat 8: tc1591 (1.16€)
Seat 9: Incognito 9 (2.16€)
*** ANTE/BLINDS ***
Incognito 7 posts small blind 0.01€
tc1591 posts big blind 0.02€
Dealt to tc1591 [Qc 7c]
*** PRE-FLOP *** 
Incognito 1 raises 0.04€ to 0.06€
Incognito 2 folds
Incognito 3 folds
Incognito 4 folds
Incognito 5 folds
Incognito 6 folds
Incognito 7 folds
tc1591 folds
Incognito 1 collected 0.09€ from pot
*** SUMMARY ***
Total pot 0.09€ | No rake
Seat 1: Incognito 1 won 0.09€


Winamax Poker - CashGame - HandId: #7274482-291-1425939964 - Holdem no limit (0.01€/0.02€) - 2015/03/09 22:26:04 UTC
Table: 'Aix-la-Chapelle 09' 9-max (real money) Seat #7 is the button
Seat 1: Incognito 1 (2.16€)
Seat 2: Incognito 2 (1.99€)
Seat 3: Incognito 3 (2€)
Seat 4: Incognito 4 (2.75€)
Seat 5: Incognito 5 (0.46€)
Seat 6: Incognito 6 (2.31€)
Seat 7: Incognito 7 (4.23€)
Seat 8: tc1591 (1.14€)
Seat 9: Incognito 9 (2.16€)
*** ANTE/BLINDS ***
tc1591 posts small blind 0.01€
Incognito 1 posts big blind 0.02€
Dealt to tc1591 [Ah Js]
*** PRE-FLOP *** 
Incognito 2 folds
Incognito 3 folds
Incognito 4 folds
Incognito 5 folds
Incognito 6 folds
Incognito 7 folds
tc1591 raises 0.04€ to 0.06€
Incognito 1 calls 0.04€
*** FLOP *** [2s Ts 6c]
tc1591 bets 1.08€ and is all-in
Incognito 1 calls 1.08€
*** TURN *** [2s Ts 6c][9h]
*** RIVER *** [2s Ts 6c 9h][Kh]
*** SHOW DOWN ***
tc1591 shows [Ah Js] (High card : Ace)
Incognito 1 shows [7d 7h] (One pair : 7)
Incognito 1 collected 2.13€ from pot
*** SUMMARY ***
Total pot 2.13€ | Rake 0.15€
Board: [2s Ts 6c 9h Kh]
Seat 1: Incognito 1 (big blind) showed [7d 7h] and won 2.13€ with One pair : 7
Seat 8: tc1591 (small blind) showed [Ah Js] and lost with High card : Ace


