Winamax Poker - CashGame - HandId: #7222562-13164-1425938159 - Holdem no limit (0.01€/0.02€) - 2015/03/09 21:55:59 UTC
Table: 'Aix-la-Chapelle' 9-max (real money) Seat #3 is the button
Seat 1: Incognito 1 (1.84€)
Seat 2: Incognito 2 (2.55€)
Seat 3: Incognito 3 (2.54€)
Seat 4: Incognito 4 (1.96€)
Seat 5: tc1591 (0.80€)
Seat 6: Incognito 6 (2.12€)
Seat 7: Incognito 7 (2€)
Seat 8: Incognito 8 (2.30€)
Seat 9: Incognito 9 (1.47€)
*** ANTE/BLINDS ***
Incognito 4 posts small blind 0.01€
tc1591 posts big blind 0.02€
Dealt to tc1591 [Ac 2d]
*** PRE-FLOP *** 
Incognito 6 folds
Incognito 8 folds
Incognito 9 raises 0.05€ to 0.07€
Incognito 1 raises 0.05€ to 0.12€
Incognito 2 folds
Incognito 3 folds
Incognito 4 folds
tc1591 folds
Incognito 9 calls 0.05€
*** FLOP *** [5s 5h 4d]
Incognito 9 checks
Incognito 1 bets 1.72€ and is all-in
Incognito 9 folds
Incognito 1 collected 1.97€ from pot
*** SUMMARY ***
Total pot 1.97€ | Rake 0.02€
Board: [5s 5h 4d]
Seat 1: Incognito 1 won 1.97€


Winamax Poker - CashGame - HandId: #7222562-13165-1425938292 - Holdem no limit (0.01€/0.02€) - 2015/03/09 21:58:12 UTC
Table: 'Aix-la-Chapelle' 9-max (real money) Seat #4 is the button
Seat 1: Incognito 1 (1.97€)
Seat 2: Incognito 2 (2.55€)
Seat 3: Incognito 3 (2.54€)
Seat 4: Incognito 4 (1.95€)
Seat 5: tc1591 (0.78€)
Seat 6: Incognito 6 (2.12€)
Seat 7: Incognito 7 (2€)
Seat 8: Incognito 8 (2.30€)
Seat 9: Incognito 9 (1.35€)
*** ANTE/BLINDS ***
tc1591 posts small blind 0.01€
Incognito 6 posts big blind 0.02€
Dealt to tc1591 [3s Ks]
*** PRE-FLOP *** 
Incognito 9 folds
Incognito 1 calls 0.02€
Incognito 2 calls 0.02€
Incognito 3 folds
tc1591 calls 0.01€
Incognito 6 checks
*** FLOP *** [Ad 5h Qh]
tc1591 checks
Incognito 6 checks
Incognito 1 bets 0.06€
Incognito 2 raises 0.06€ to 0.12€
tc1591 folds
Incognito 6 folds
Incognito 1 raises 0.06€ to 0.18€
Incognito 2 folds
Incognito 1 collected 0.36€ from pot
*** SUMMARY ***
Total pot 0.36€ | Rake 0.02€
Board: [Ad 5h Qh]
Seat 1: Incognito 1 won 0.36€


Winamax Poker - CashGame - HandId: #7222562-13166-1425938390 - Holdem no limit (0.01€/0.02€) - 2015/03/09 21:59:50 UTC
Table: 'Aix-la-Chapelle' 9-max (real money) Seat #5 is the button
Seat 1: Incognito 1 (2.13€)
Seat 2: Incognito 2 (2.41€)
Seat 3: Incognito 3 (2.54€)
Seat 4: Incognito 4 (1.95€)
Seat 5: tc1591 (0.76€)
Seat 6: Incognito 6 (2.10€)
Seat 7: Incognito 7 (2€)
Seat 8: Incognito 8 (2.30€)
Seat 9: Incognito 9 (1.35€)
*** ANTE/BLINDS ***
Incognito 6 posts small blind 0.01€
Incognito 9 posts big blind 0.02€
Dealt to tc1591 [8c 5s]
*** PRE-FLOP *** 
Incognito 1 calls 0.02€
Incognito 2 folds
Incognito 3 folds
tc1591 folds
Incognito 6 folds
Incognito 9 checks
*** FLOP *** [9d 4s Qh]
Incognito 9 checks
Incognito 1 bets 0.07€
Incognito 9 folds
Incognito 1 collected 0.12€ from pot
*** SUMMARY ***
Total pot 0.12€ | No rake
Board: [9d 4s Qh]
Seat 1: Incognito 1 won 0.12€


Winamax Poker - CashGame - HandId: #7222562-13167-1425938488 - Holdem no limit (0.01€/0.02€) - 2015/03/09 22:01:28 UTC
Table: 'Aix-la-Chapelle' 9-max (real money) Seat #6 is the button
Seat 1: Incognito 1 (2.16€)
Seat 2: Incognito 2 (2.41€)
Seat 3: Incognito 3 (2.54€)
Seat 4: Incognito 4 (1.95€)
Seat 5: tc1591 (0.76€)
Seat 6: Incognito 6 (2.09€)
Seat 7: Incognito 7 (2€)
Seat 8: Incognito 8 (2.30€)
Seat 9: Incognito 9 (1.33€)
*** ANTE/BLINDS ***
Incognito 9 posts small blind 0.01€
Incognito 1 posts big blind 0.02€
Dealt to tc1591 [Th 5c]
*** PRE-FLOP *** 
Incognito 2 folds
Incognito 3 folds
tc1591 folds
Incognito 6 folds
Incognito 9 raises 0.03€ to 0.05€
Incognito 1 calls 0.03€
*** FLOP *** [7s 9c Ac]
Incognito 9 bets 0.07€
Incognito 1 calls 0.07€
*** TURN *** [7s 9c Ac][3d]
Incognito 9 bets 0.07€
Incognito 1 calls 0.07€
*** RIVER *** [7s 9c Ac 3d][4s]
Incognito 9 checks
Incognito 1 bets 0.09€
Incognito 9 raises 1.05€ to 1.14€ and is all-in
Incognito 1 calls 1.05€
*** SHOW DOWN ***
Incognito 1 shows [6c 4c] (One pair : 4)
Incognito 9 shows [Kd Ah] (One pair : Aces)
Incognito 9 collected 2.49€ from pot
*** SUMMARY ***
Total pot 2.49€ | Rake 0.17€
Board: [7s 9c Ac 3d 4s]
Seat 1: Incognito 1 (big blind) showed [6c 4c] and lost with One pair : 4
Seat 9: Incognito 9 (small blind) showed [Kd Ah] and won 2.49€ with One pair : Aces


Winamax Poker - CashGame - HandId: #7222562-13168-1425938574 - Holdem no limit (0.01€/0.02€) - 2015/03/09 22:02:54 UTC
Table: 'Aix-la-Chapelle' 9-max (real money) Seat #9 is the button
Seat 1: Incognito 1 (0.83€)
Seat 2: Incognito 2 (2.41€)
Seat 3: Incognito 3 (2.54€)
Seat 4: Incognito 4 (1.95€)
Seat 5: tc1591 (0.76€)
Seat 6: Incognito 6 (2.09€)
Seat 7: Incognito 7 (2€)
Seat 8: Incognito 8 (2.30€)
Seat 9: Incognito 9 (2.49€)
*** ANTE/BLINDS ***
Incognito 1 posts small blind 0.01€
Incognito 2 posts big blind 0.02€
Dealt to tc1591 [8s 2s]
*** PRE-FLOP *** 
Incognito 3 folds
tc1591 folds
Incognito 6 folds
Incognito 9 folds
Incognito 1 raises 0.02€ to 0.04€
Incognito 2 folds
Incognito 1 collected 0.06€ from pot
*** SUMMARY ***
Total pot 0.06€ | No rake
Seat 1: Incognito 1 (small blind) won 0.06€


Winamax Poker - CashGame - HandId: #7222562-13169-1425938606 - Holdem no limit (0.01€/0.02€) - 2015/03/09 22:03:26 UTC
Table: 'Aix-la-Chapelle' 9-max (real money) Seat #1 is the button
Seat 1: Incognito 1 (0.85€)
Seat 2: Incognito 2 (2.39€)
Seat 3: Incognito 3 (2.54€)
Seat 4: Incognito 4 (1.95€)
Seat 5: tc1591 (0.76€)
Seat 6: Incognito 6 (2.09€)
Seat 7: Incognito 7 (2€)
Seat 8: Incognito 8 (2.30€)
Seat 9: Incognito 9 (2.49€)
*** ANTE/BLINDS ***
Incognito 2 posts small blind 0.01€
Incognito 3 posts big blind 0.02€
Dealt to tc1591 [Jh Td]
*** PRE-FLOP *** 
tc1591 raises 0.05€ to 0.07€
Incognito 6 folds
Incognito 1 calls 0.07€
Incognito 2 folds
Incognito 3 folds
*** FLOP *** [2h Ks 3h]
tc1591 checks
Incognito 1 checks
*** TURN *** [2h Ks 3h][Jd]
tc1591 bets 0.05€
Incognito 1 raises 0.05€ to 0.10€
tc1591 calls 0.05€
*** RIVER *** [2h Ks 3h Jd][7c]
tc1591 checks
Incognito 1 checks
*** SHOW DOWN ***
Incognito 1 shows [Qs Tc] (High card : King)
tc1591 shows [Jh Td] (One pair : Jacks)
tc1591 collected 0.35€ from pot
*** SUMMARY ***
Total pot 0.35€ | Rake 0.02€
Board: [2h Ks 3h Jd 7c]
Seat 1: Incognito 1 (button) showed [Qs Tc] and lost with High card : King
Seat 5: tc1591 showed [Jh Td] and won 0.35€ with One pair : Jacks


Winamax Poker - CashGame - HandId: #7222562-13170-1425938694 - Holdem no limit (0.01€/0.02€) - 2015/03/09 22:04:54 UTC
Table: 'Aix-la-Chapelle' 9-max (real money) Seat #2 is the button
Seat 1: Incognito 1 (0.68€)
Seat 2: Incognito 2 (2.38€)
Seat 3: Incognito 3 (2.52€)
Seat 4: Incognito 4 (1.95€)
Seat 5: tc1591 (0.94€)
Seat 6: Incognito 6 (2.09€)
Seat 7: Incognito 7 (2€)
Seat 8: Incognito 8 (2.30€)
Seat 9: Incognito 9 (2.49€)
*** ANTE/BLINDS ***
Incognito 3 posts small blind 0.01€
tc1591 posts big blind 0.02€
Dealt to tc1591 [Qh 9c]
*** PRE-FLOP *** 
Incognito 6 folds
Incognito 9 folds
Incognito 1 calls 0.02€
Incognito 2 folds
Incognito 3 calls 0.01€
tc1591 checks
*** FLOP *** [Qs 6s 9h]
Incognito 3 bets 0.04€
tc1591 calls 0.04€
Incognito 1 calls 0.04€
*** TURN *** [Qs 6s 9h][5s]
Incognito 3 checks
tc1591 bets 0.04€
Incognito 1 calls 0.04€
Incognito 3 calls 0.04€
*** RIVER *** [Qs 6s 9h 5s][Kd]
Incognito 3 checks
tc1591 bets 0.15€
Incognito 1 raises 0.15€ to 0.30€
Incognito 3 folds
tc1591 raises 0.54€ to 0.84€ and is all-in
Incognito 1 calls 0.28€ and is all-in
*** SHOW DOWN ***
Incognito 1 shows [Tc Jh] (Straight King high)
tc1591 shows [Qh 9c] (Two pairs : Queens and 9)
tc1591 collected 0.26€ from side pot 1
Incognito 1 collected 1.37€ from main pot
*** SUMMARY ***
Total pot 1.63€ | Rake 0.09€
Board: [Qs 6s 9h 5s Kd]
Seat 1: Incognito 1 showed [Tc Jh] and won 1.37€ with Straight King high
Seat 5: tc1591 (big blind) showed [Qh 9c] and won 0.26€ with Two pairs : Queens and 9


Winamax Poker - CashGame - HandId: #7222562-13171-1425938842 - Holdem no limit (0.01€/0.02€) - 2015/03/09 22:07:22 UTC
Table: 'Aix-la-Chapelle' 9-max (real money) Seat #3 is the button
Seat 1: Incognito 1 (1.37€)
Seat 2: Incognito 2 (2.38€)
Seat 3: Incognito 3 (2.42€)
Seat 4: Incognito 4 (1.95€)
Seat 5: tc1591 (0.26€)
Seat 6: Incognito 6 (2.09€)
Seat 7: Incognito 7 (2€)
Seat 8: Incognito 8 (2.30€)
Seat 9: Incognito 9 (2.49€)
*** ANTE/BLINDS ***
tc1591 posts small blind 0.01€
Incognito 6 posts big blind 0.02€
Dealt to tc1591 [6s Ac]
*** PRE-FLOP *** 
Incognito 9 folds
Incognito 1 folds
Incognito 2 raises 0.06€ to 0.08€
Incognito 3 folds
tc1591 raises 0.18€ to 0.26€ and is all-in
Incognito 6 folds
Incognito 2 calls 0.18€
*** FLOP *** [9c 6d As]
*** TURN *** [9c 6d As][2s]
*** RIVER *** [9c 6d As 2s][Tc]
*** SHOW DOWN ***
Incognito 2 shows [Jd Kd] (High card : Ace)
tc1591 shows [6s Ac] (Two pairs : Aces and 6)
tc1591 collected 0.50€ from pot
*** SUMMARY ***
Total pot 0.50€ | Rake 0.04€
Board: [9c 6d As 2s Tc]
Seat 2: Incognito 2 showed [Jd Kd] and lost with High card : Ace
Seat 5: tc1591 (small blind) showed [6s Ac] and won 0.50€ with Two pairs : Aces and 6


Winamax Poker - CashGame - HandId: #7222562-13172-1425938883 - Holdem no limit (0.01€/0.02€) - 2015/03/09 22:08:03 UTC
Table: 'Aix-la-Chapelle' 9-max (real money) Seat #5 is the button
Seat 1: Incognito 1 (1.37€)
Seat 2: Incognito 2 (2.12€)
Seat 3: Incognito 3 (2.42€)
Seat 4: Incognito 4 (1.95€)
Seat 5: tc1591 (0.50€)
Seat 6: Incognito 6 (2.07€)
Seat 7: Incognito 7 (2€)
Seat 8: Incognito 8 (2.30€)
Seat 9: Incognito 9 (2.49€)
*** ANTE/BLINDS ***
Incognito 6 posts small blind 0.01€
Incognito 7 posts big blind 0.02€
Dealt to tc1591 [5c Qh]
*** PRE-FLOP *** 
Incognito 9 folds
Incognito 1 calls 0.02€
Incognito 2 folds
Incognito 3 calls 0.02€
tc1591 folds
Incognito 6 folds
Incognito 7 checks
*** FLOP *** [5h Qd Jd]
Incognito 7 checks
Incognito 1 checks
Incognito 3 checks
*** TURN *** [5h Qd Jd][Ts]
Incognito 7 checks
Incognito 1 bets 0.07€
Incognito 3 folds
Incognito 7 folds
Incognito 1 collected 0.14€ from pot
*** SUMMARY ***
Total pot 0.14€ | No rake
Board: [5h Qd Jd Ts]
Seat 1: Incognito 1 won 0.14€


Winamax Poker - CashGame - HandId: #7222562-13173-1425938967 - Holdem no limit (0.01€/0.02€) - 2015/03/09 22:09:27 UTC
Table: 'Aix-la-Chapelle' 9-max (real money) Seat #6 is the button
Seat 1: Incognito 1 (1.42€)
Seat 3: Incognito 3 (2.40€)
Seat 4: Incognito 4 (2€)
Seat 5: tc1591 (0.50€)
Seat 6: Incognito 6 (2.06€)
Seat 7: Incognito 7 (2€)
Seat 8: Incognito 8 (2.30€)
Seat 9: Incognito 9 (2.49€)
*** ANTE/BLINDS ***
Incognito 7 posts small blind 0.01€
Incognito 8 posts big blind 0.02€
Dealt to tc1591 [2d Jc]
*** PRE-FLOP *** 
Incognito 9 folds
Incognito 1 calls 0.02€
Incognito 3 folds
tc1591 folds
Incognito 6 folds
Incognito 7 raises 0.06€ to 0.08€
Incognito 8 folds
Incognito 1 calls 0.06€
*** FLOP *** [3s Js 6s]
Incognito 7 checks
Incognito 1 bets 0.09€
Incognito 7 folds
Incognito 1 collected 0.26€ from pot
*** SUMMARY ***
Total pot 0.26€ | Rake 0.01€
Board: [3s Js 6s]
Seat 1: Incognito 1 won 0.26€


Winamax Poker - CashGame - HandId: #7222562-13174-1425939026 - Holdem no limit (0.01€/0.02€) - 2015/03/09 22:10:26 UTC
Table: 'Aix-la-Chapelle' 9-max (real money) Seat #7 is the button
Seat 1: Incognito 1 (1.51€)
Seat 3: Incognito 3 (2.40€)
Seat 4: Incognito 4 (2€)
Seat 5: tc1591 (0.50€)
Seat 6: Incognito 6 (2.06€)
Seat 7: Incognito 7 (2€)
Seat 8: Incognito 8 (2.28€)
Seat 9: Incognito 9 (2.49€)
*** ANTE/BLINDS ***
Incognito 8 posts small blind 0.01€
Incognito 9 posts big blind 0.02€
Dealt to tc1591 [8h Ad]
*** PRE-FLOP *** 
Incognito 1 folds
Incognito 3 folds
tc1591 raises 0.05€ to 0.07€
Incognito 6 folds
Incognito 7 folds
Incognito 8 folds
Incognito 9 folds
tc1591 collected 0.10€ from pot
*** SUMMARY ***
Total pot 0.10€ | No rake
Seat 5: tc1591 won 0.10€


Winamax Poker - CashGame - HandId: #7222562-13175-1425939066 - Holdem no limit (0.01€/0.02€) - 2015/03/09 22:11:06 UTC
Table: 'Aix-la-Chapelle' 9-max (real money) Seat #8 is the button
Seat 1: Incognito 1 (1.51€)
Seat 3: Incognito 3 (2.40€)
Seat 4: Incognito 4 (2€)
Seat 5: tc1591 (0.53€)
Seat 6: Incognito 6 (2.06€)
Seat 7: Incognito 7 (2€)
Seat 8: Incognito 8 (2.27€)
Seat 9: Incognito 9 (2.47€)
*** ANTE/BLINDS ***
Incognito 9 posts small blind 0.01€
Incognito 1 posts big blind 0.02€
Dealt to tc1591 [Ts Td]
*** PRE-FLOP *** 
Incognito 3 folds
tc1591 raises 0.05€ to 0.07€
Incognito 6 folds
Incognito 7 folds
Incognito 8 folds
Incognito 9 folds
Incognito 1 calls 0.05€
*** FLOP *** [Qh Qs As]
Incognito 1 bets 0.08€
tc1591 folds
Incognito 1 collected 0.22€ from pot
*** SUMMARY ***
Total pot 0.22€ | Rake 0.01€
Board: [Qh Qs As]
Seat 1: Incognito 1 (big blind) won 0.22€


Winamax Poker - CashGame - HandId: #7222562-13176-1425939124 - Holdem no limit (0.01€/0.02€) - 2015/03/09 22:12:04 UTC
Table: 'Aix-la-Chapelle' 9-max (real money) Seat #9 is the button
Seat 1: Incognito 1 (1.58€)
Seat 3: Incognito 3 (2.40€)
Seat 4: Incognito 4 (2€)
Seat 5: tc1591 (0.46€)
Seat 6: Incognito 6 (2.06€)
Seat 7: Incognito 7 (2€)
Seat 8: Incognito 8 (2.27€)
Seat 9: Incognito 9 (2.46€)
*** ANTE/BLINDS ***
Incognito 1 posts small blind 0.01€
Incognito 3 posts big blind 0.02€
Dealt to tc1591 [5c 3c]
*** PRE-FLOP *** 
tc1591 folds
Incognito 6 folds
Incognito 7 folds
Incognito 8 raises 0.03€ to 0.05€
Incognito 9 calls 0.05€
Incognito 1 calls 0.04€
Incognito 3 folds
*** FLOP *** [Jd Td Js]
Incognito 1 checks
Incognito 8 checks
Incognito 9 bets 0.11€
Incognito 1 calls 0.11€
Incognito 8 folds
*** TURN *** [Jd Td Js][9s]
Incognito 1 checks
Incognito 9 checks
*** RIVER *** [Jd Td Js 9s][6h]
Incognito 1 bets 0.10€
Incognito 9 calls 0.10€
*** SHOW DOWN ***
Incognito 1 shows [3d Ac] (One pair : Jacks)
Incognito 9 shows [8c 8d] (Two pairs : Jacks and 8)
Incognito 9 collected 0.55€ from pot
*** SUMMARY ***
Total pot 0.55€ | Rake 0.04€
Board: [Jd Td Js 9s 6h]
Seat 1: Incognito 1 (small blind) showed [3d Ac] and lost with One pair : Jacks
Seat 9: Incognito 9 (button) showed [8c 8d] and won 0.55€ with Two pairs : Jacks and 8


Winamax Poker - CashGame - HandId: #7222562-13177-1425939265 - Holdem no limit (0.01€/0.02€) - 2015/03/09 22:14:25 UTC
Table: 'Aix-la-Chapelle' 9-max (real money) Seat #1 is the button
Seat 1: Incognito 1 (1.32€)
Seat 2: Incognito 2 (2€)
Seat 3: Incognito 3 (2.38€)
Seat 4: Incognito 4 (2€)
Seat 5: tc1591 (0.46€)
Seat 6: Incognito 6 (2.06€)
Seat 7: Incognito 7 (2€)
Seat 8: Incognito 8 (2.22€)
Seat 9: Incognito 9 (2.75€)
*** ANTE/BLINDS ***
Incognito 3 posts small blind 0.01€
Incognito 4 posts big blind 0.02€
Dealt to tc1591 [Js Ad]
*** PRE-FLOP *** 
tc1591 raises 0.02€ to 0.04€
Incognito 6 folds
Incognito 7 raises 0.08€ to 0.12€
Incognito 8 folds
Incognito 9 folds
Incognito 1 folds
Incognito 3 folds
Incognito 4 folds
tc1591 calls 0.08€
*** FLOP *** [Qs 3h 3c]
tc1591 checks
Incognito 7 checks
*** TURN *** [Qs 3h 3c][8s]
tc1591 bets 0.27€
Incognito 7 folds
tc1591 collected 0.52€ from pot
*** SUMMARY ***
Total pot 0.52€ | Rake 0.02€
Board: [Qs 3h 3c 8s]
Seat 5: tc1591 won 0.52€


Winamax Poker - CashGame - HandId: #7222562-13178-1425939347 - Holdem no limit (0.01€/0.02€) - 2015/03/09 22:15:47 UTC
Table: 'Aix-la-Chapelle' 9-max (real money) Seat #3 is the button
Seat 1: Incognito 1 (1.32€)
Seat 2: Incognito 2 (2€)
Seat 3: Incognito 3 (2.37€)
Seat 4: Incognito 4 (1.98€)
Seat 5: tc1591 (0.59€)
Seat 6: Incognito 6 (2.06€)
Seat 7: Incognito 7 (2€)
Seat 8: Incognito 8 (2.22€)
Seat 9: Incognito 9 (2.75€)
*** ANTE/BLINDS ***
Incognito 4 posts small blind 0.01€
tc1591 posts big blind 0.02€
Incognito 2 posts big blind 0.02€ out of position
Dealt to tc1591 [6h Qh]
*** PRE-FLOP *** 
Incognito 6 folds
Incognito 7 raises 0.04€ to 0.06€
Incognito 8 folds
Incognito 9 folds
Incognito 1 folds
Incognito 2 folds
Incognito 3 calls 0.06€
Incognito 4 folds
tc1591 calls 0.04€
*** FLOP *** [2d Jd 8d]
tc1591 checks
Incognito 7 checks
Incognito 3 bets 0.15€
tc1591 folds
Incognito 7 folds
Incognito 3 collected 0.35€ from pot
*** SUMMARY ***
Total pot 0.35€ | Rake 0.01€
Board: [2d Jd 8d]
Seat 3: Incognito 3 (button) won 0.35€


Winamax Poker - CashGame - HandId: #7222562-13179-1425939449 - Holdem no limit (0.01€/0.02€) - 2015/03/09 22:17:29 UTC
Table: 'Aix-la-Chapelle' 9-max (real money) Seat #4 is the button
Seat 1: Incognito 1 (1.32€)
Seat 2: Incognito 2 (1.98€)
Seat 3: Incognito 3 (2.51€)
Seat 4: Incognito 4 (1.97€)
Seat 5: tc1591 (0.53€)
Seat 6: Incognito 6 (2.06€)
Seat 7: Incognito 7 (2€)
Seat 8: Incognito 8 (2.22€)
Seat 9: Incognito 9 (2.75€)
*** ANTE/BLINDS ***
tc1591 posts small blind 0.01€
Incognito 6 posts big blind 0.02€
Dealt to tc1591 [7c 5c]
*** PRE-FLOP *** 
Incognito 7 folds
Incognito 8 calls 0.02€
Incognito 9 folds
Incognito 1 calls 0.02€
Incognito 2 calls 0.02€
Incognito 3 folds
Incognito 4 folds
tc1591 calls 0.01€
Incognito 6 checks
*** FLOP *** [Qh 2h 4s]
tc1591 checks
Incognito 6 checks
Incognito 8 checks
Incognito 1 bets 0.06€
Incognito 2 folds
tc1591 folds
Incognito 6 calls 0.06€
Incognito 8 folds
*** TURN *** [Qh 2h 4s][Js]
Incognito 6 checks
Incognito 1 bets 0.12€
Incognito 6 calls 0.12€
*** RIVER *** [Qh 2h 4s Js][3d]
Incognito 6 checks
Incognito 1 checks
*** SHOW DOWN ***
Incognito 1 shows [Kc 8s] (High card : King)
Incognito 6 shows [6h Qd] (One pair : Queens)
Incognito 6 collected 0.43€ from pot
*** SUMMARY ***
Total pot 0.43€ | Rake 0.03€
Board: [Qh 2h 4s Js 3d]
Seat 1: Incognito 1 showed [Kc 8s] and lost with High card : King
Seat 6: Incognito 6 (big blind) showed [6h Qd] and won 0.43€ with One pair : Queens


Winamax Poker - CashGame - HandId: #7222562-13180-1425939631 - Holdem no limit (0.01€/0.02€) - 2015/03/09 22:20:31 UTC
Table: 'Aix-la-Chapelle' 9-max (real money) Seat #5 is the button
Seat 1: Incognito 1 (1.12€)
Seat 2: Incognito 2 (1.96€)
Seat 3: Incognito 3 (2.51€)
Seat 4: Incognito 4 (1.97€)
Seat 5: tc1591 (0.51€)
Seat 6: Incognito 6 (2.29€)
Seat 7: Incognito 7 (2€)
Seat 8: Incognito 8 (2.20€)
Seat 9: Incognito 9 (2.75€)
*** ANTE/BLINDS ***
Incognito 6 posts small blind 0.01€
Incognito 7 posts big blind 0.02€
Dealt to tc1591 [Ac 9d]
*** PRE-FLOP *** 
Incognito 8 folds
Incognito 9 folds
Incognito 1 calls 0.02€
Incognito 2 calls 0.02€
Incognito 3 raises 0.07€ to 0.09€
Incognito 4 folds
tc1591 folds
Incognito 6 folds
Incognito 7 folds
Incognito 1 calls 0.07€
Incognito 2 calls 0.07€
*** FLOP *** [Js Qc 7d]
Incognito 1 checks
Incognito 2 bets 0.30€
Incognito 3 folds
Incognito 1 folds
Incognito 2 collected 0.58€ from pot
*** SUMMARY ***
Total pot 0.58€ | Rake 0.02€
Board: [Js Qc 7d]
Seat 2: Incognito 2 won 0.58€


Winamax Poker - CashGame - HandId: #7222562-13181-1425939706 - Holdem no limit (0.01€/0.02€) - 2015/03/09 22:21:46 UTC
Table: 'Aix-la-Chapelle' 9-max (real money) Seat #6 is the button
Seat 1: Incognito 1 (1.03€)
Seat 2: Incognito 2 (2.15€)
Seat 3: Incognito 3 (2.42€)
Seat 4: Incognito 4 (1.97€)
Seat 5: tc1591 (0.51€)
Seat 6: Incognito 6 (2.28€)
Seat 7: Incognito 7 (2€)
Seat 8: Incognito 8 (2.20€)
Seat 9: Incognito 9 (2.75€)
*** ANTE/BLINDS ***
Incognito 7 posts small blind 0.01€
Incognito 8 posts big blind 0.02€
Dealt to tc1591 [8c Qc]
*** PRE-FLOP *** 
Incognito 9 folds
Incognito 1 folds
Incognito 2 raises 0.05€ to 0.07€
Incognito 3 folds
Incognito 4 folds
tc1591 folds
Incognito 6 folds
Incognito 7 folds
Incognito 8 folds
Incognito 2 collected 0.10€ from pot
*** SUMMARY ***
Total pot 0.10€ | No rake
Seat 2: Incognito 2 won 0.10€


