Winamax Poker - Tournament "Double or Nothing" buyIn: 0,92€ + 0,08€ level: 0 - HandId: #438690901666037761-1-1417477230 - Holdem no limit (10/20) - 2014/12/01 23:40:30 UTC
Table: 'Double or Nothing(102140685)#0' 10-max (real money) Seat #10 is the button
Seat 1: secretstar62 (1500)
Seat 2: LECOLOMBIER7 (1500)
Seat 3: G_ZU (1500)
Seat 4: sabre_laser (1500)
Seat 5: fanatic1980 (1500)
Seat 6: Devilattack (1500)
Seat 7: jerem59133 (1500)
Seat 8: GrindMyWayUp (1500)
Seat 9: Djoules59 (1500)
Seat 10: sianae (1500)
*** ANTE/BLINDS ***
secretstar62 posts small blind 10
LECOLOMBIER7 posts big blind 20
Dealt to sabre_laser [9d Kd]
*** PRE-FLOP *** 
G_ZU folds
sabre_laser raises 20 to 40
fanatic1980 calls 40
Devilattack raises 80 to 120
jerem59133 folds
GrindMyWayUp folds
Djoules59 folds
sianae folds
secretstar62 folds
LECOLOMBIER7 folds
sabre_laser calls 80
fanatic1980 calls 80
*** FLOP *** [7d 5s Td]
sabre_laser checks
fanatic1980 bets 260
Devilattack calls 260
sabre_laser calls 260
*** TURN *** [7d 5s Td][6h]
sabre_laser checks
fanatic1980 bets 635
Devilattack folds
sabre_laser folds
fanatic1980 collected 1805 from pot
*** SUMMARY ***
Total pot 1805 | No rake
Board: [7d 5s Td 6h]
Seat 5: fanatic1980 won 1805


Winamax Poker - Tournament "Double or Nothing" buyIn: 0,92€ + 0,08€ level: 0 - HandId: #438690901666037761-2-1417477326 - Holdem no limit (10/20) - 2014/12/01 23:42:06 UTC
Table: 'Double or Nothing(102140685)#0' 10-max (real money) Seat #1 is the button
Seat 1: secretstar62 (1490)
Seat 2: LECOLOMBIER7 (1480)
Seat 3: G_ZU (1500)
Seat 4: sabre_laser (1120)
Seat 5: fanatic1980 (2290)
Seat 6: Devilattack (1120)
Seat 7: jerem59133 (1500)
Seat 8: GrindMyWayUp (1500)
Seat 9: Djoules59 (1500)
Seat 10: sianae (1500)
*** ANTE/BLINDS ***
LECOLOMBIER7 posts small blind 10
G_ZU posts big blind 20
Dealt to sabre_laser [2s 3s]
*** PRE-FLOP *** 
sabre_laser folds
fanatic1980 calls 20
Devilattack raises 40 to 60
jerem59133 calls 60
GrindMyWayUp folds
Djoules59 folds
sianae folds
secretstar62 folds
LECOLOMBIER7 folds
G_ZU folds
fanatic1980 raises 120 to 180
Devilattack calls 120
jerem59133 folds
*** FLOP *** [9c Tc As]
fanatic1980 checks
Devilattack bets 940 and is all-in
fanatic1980 calls 940
*** TURN *** [9c Tc As][7h]
*** RIVER *** [9c Tc As 7h][5s]
*** SHOW DOWN ***
Devilattack shows [8s 8d] (One pair : 8)
fanatic1980 shows [Qd Qh] (One pair : Queens)
fanatic1980 collected 2330 from pot
*** SUMMARY ***
Total pot 2330 | No rake
Board: [9c Tc As 7h 5s]
Seat 5: fanatic1980 showed [Qd Qh] and won 2330 with One pair : Queens
Seat 6: Devilattack showed [8s 8d] and lost with One pair : 8


Winamax Poker - Tournament "Double or Nothing" buyIn: 0,92€ + 0,08€ level: 0 - HandId: #438690901666037761-3-1417477391 - Holdem no limit (10/20) - 2014/12/01 23:43:11 UTC
Table: 'Double or Nothing(102140685)#0' 10-max (real money) Seat #2 is the button
Seat 1: secretstar62 (1490)
Seat 2: LECOLOMBIER7 (1470)
Seat 3: G_ZU (1480)
Seat 4: sabre_laser (1120)
Seat 5: fanatic1980 (3500)
Seat 7: jerem59133 (1440)
Seat 8: GrindMyWayUp (1500)
Seat 9: Djoules59 (1500)
Seat 10: sianae (1500)
*** ANTE/BLINDS ***
G_ZU posts small blind 10
sabre_laser posts big blind 20
Dealt to sabre_laser [8d 7d]
*** PRE-FLOP *** 
fanatic1980 calls 20
jerem59133 folds
GrindMyWayUp folds
Djoules59 folds
sianae calls 20
secretstar62 folds
LECOLOMBIER7 folds
G_ZU folds
sabre_laser checks
*** FLOP *** [5d Ac Js]
sabre_laser checks
fanatic1980 bets 50
sianae folds
sabre_laser folds
fanatic1980 collected 120 from pot
*** SUMMARY ***
Total pot 120 | No rake
Board: [5d Ac Js]
Seat 5: fanatic1980 won 120


Winamax Poker - Tournament "Double or Nothing" buyIn: 0,92€ + 0,08€ level: 0 - HandId: #438690901666037761-4-1417477443 - Holdem no limit (10/20) - 2014/12/01 23:44:03 UTC
Table: 'Double or Nothing(102140685)#0' 10-max (real money) Seat #3 is the button
Seat 1: secretstar62 (1490)
Seat 2: LECOLOMBIER7 (1470)
Seat 3: G_ZU (1470)
Seat 4: sabre_laser (1100)
Seat 5: fanatic1980 (3550)
Seat 7: jerem59133 (1440)
Seat 8: GrindMyWayUp (1500)
Seat 9: Djoules59 (1500)
Seat 10: sianae (1480)
*** ANTE/BLINDS ***
sabre_laser posts small blind 10
fanatic1980 posts big blind 20
Dealt to sabre_laser [5c Th]
*** PRE-FLOP *** 
jerem59133 calls 20
GrindMyWayUp folds
Djoules59 folds
sianae folds
secretstar62 folds
LECOLOMBIER7 calls 20
G_ZU folds
sabre_laser folds
fanatic1980 checks
*** FLOP *** [8h 7d 4c]
fanatic1980 bets 50
jerem59133 calls 50
LECOLOMBIER7 folds
*** TURN *** [8h 7d 4c][2d]
fanatic1980 checks
jerem59133 checks
*** RIVER *** [8h 7d 4c 2d][Qd]
fanatic1980 bets 20
jerem59133 calls 20
*** SHOW DOWN ***
fanatic1980 shows [4d Jc] (One pair : 4)
jerem59133 shows [Qc As] (One pair : Queens)
jerem59133 collected 210 from pot
*** SUMMARY ***
Total pot 210 | No rake
Board: [8h 7d 4c 2d Qd]
Seat 5: fanatic1980 (big blind) showed [4d Jc] and lost with One pair : 4
Seat 7: jerem59133 showed [Qc As] and won 210 with One pair : Queens


Winamax Poker - Tournament "Double or Nothing" buyIn: 0,92€ + 0,08€ level: 0 - HandId: #438690901666037761-5-1417477503 - Holdem no limit (10/20) - 2014/12/01 23:45:03 UTC
Table: 'Double or Nothing(102140685)#0' 10-max (real money) Seat #4 is the button
Seat 1: secretstar62 (1490)
Seat 2: LECOLOMBIER7 (1450)
Seat 3: G_ZU (1470)
Seat 4: sabre_laser (1090)
Seat 5: fanatic1980 (3460)
Seat 7: jerem59133 (1560)
Seat 8: GrindMyWayUp (1500)
Seat 9: Djoules59 (1500)
Seat 10: sianae (1480)
*** ANTE/BLINDS ***
fanatic1980 posts small blind 10
jerem59133 posts big blind 20
Dealt to sabre_laser [Ah Th]
*** PRE-FLOP *** 
GrindMyWayUp folds
Djoules59 folds
sianae folds
secretstar62 folds
LECOLOMBIER7 calls 20
G_ZU folds
sabre_laser raises 150 to 170
fanatic1980 calls 160
jerem59133 folds
LECOLOMBIER7 calls 150
*** FLOP *** [Kc 2s 4c]
fanatic1980 checks
LECOLOMBIER7 bets 530
sabre_laser folds
fanatic1980 calls 530
*** TURN *** [Kc 2s 4c][5d]
fanatic1980 checks
LECOLOMBIER7 bets 750 and is all-in
fanatic1980 calls 750
*** RIVER *** [Kc 2s 4c 5d][5c]
*** SHOW DOWN ***
fanatic1980 shows [9h 9s] (Two pairs : 9 and 5)
LECOLOMBIER7 shows [Kh Qc] (Two pairs : Kings and 5)
LECOLOMBIER7 collected 3090 from pot
*** SUMMARY ***
Total pot 3090 | No rake
Board: [Kc 2s 4c 5d 5c]
Seat 2: LECOLOMBIER7 showed [Kh Qc] and won 3090 with Two pairs : Kings and 5
Seat 5: fanatic1980 (small blind) showed [9h 9s] and lost with Two pairs : 9 and 5


Winamax Poker - Tournament "Double or Nothing" buyIn: 0,92€ + 0,08€ level: 1 - HandId: #438690901666037761-6-1417477597 - Holdem no limit (15/30) - 2014/12/01 23:46:37 UTC
Table: 'Double or Nothing(102140685)#0' 10-max (real money) Seat #5 is the button
Seat 1: secretstar62 (1490)
Seat 2: LECOLOMBIER7 (3090)
Seat 3: G_ZU (1470)
Seat 4: sabre_laser (920)
Seat 5: fanatic1980 (2010)
Seat 7: jerem59133 (1540)
Seat 8: GrindMyWayUp (1500)
Seat 9: Djoules59 (1500)
Seat 10: sianae (1480)
*** ANTE/BLINDS ***
jerem59133 posts small blind 15
GrindMyWayUp posts big blind 30
Dealt to sabre_laser [Kh 9h]
*** PRE-FLOP *** 
Djoules59 folds
sianae folds
secretstar62 folds
LECOLOMBIER7 calls 30
G_ZU folds
sabre_laser folds
fanatic1980 raises 150 to 180
jerem59133 folds
GrindMyWayUp folds
LECOLOMBIER7 calls 150
*** FLOP *** [6d 9d Th]
LECOLOMBIER7 checks
fanatic1980 bets 270
LECOLOMBIER7 calls 270
*** TURN *** [6d 9d Th][8s]
LECOLOMBIER7 checks
fanatic1980 bets 630
LECOLOMBIER7 folds
fanatic1980 collected 1575 from pot
*** SUMMARY ***
Total pot 1575 | No rake
Board: [6d 9d Th 8s]
Seat 5: fanatic1980 (button) won 1575


Winamax Poker - Tournament "Double or Nothing" buyIn: 0,92€ + 0,08€ level: 1 - HandId: #438690901666037761-7-1417477663 - Holdem no limit (15/30) - 2014/12/01 23:47:43 UTC
Table: 'Double or Nothing(102140685)#0' 10-max (real money) Seat #7 is the button
Seat 1: secretstar62 (1490)
Seat 2: LECOLOMBIER7 (2640)
Seat 3: G_ZU (1470)
Seat 4: sabre_laser (920)
Seat 5: fanatic1980 (2505)
Seat 7: jerem59133 (1525)
Seat 8: GrindMyWayUp (1470)
Seat 9: Djoules59 (1500)
Seat 10: sianae (1480)
*** ANTE/BLINDS ***
GrindMyWayUp posts small blind 15
Djoules59 posts big blind 30
Dealt to sabre_laser [Qs 2h]
*** PRE-FLOP *** 
sianae folds
secretstar62 folds
LECOLOMBIER7 folds
G_ZU folds
sabre_laser folds
fanatic1980 raises 75 to 105
jerem59133 calls 105
GrindMyWayUp folds
Djoules59 calls 75
*** FLOP *** [2d As 5h]
Djoules59 checks
fanatic1980 bets 220
jerem59133 calls 220
Djoules59 folds
*** TURN *** [2d As 5h][Kc]
fanatic1980 checks
jerem59133 bets 770
fanatic1980 folds
jerem59133 collected 1540 from pot
*** SUMMARY ***
Total pot 1540 | No rake
Board: [2d As 5h Kc]
Seat 7: jerem59133 (button) won 1540


Winamax Poker - Tournament "Double or Nothing" buyIn: 0,92€ + 0,08€ level: 1 - HandId: #438690901666037761-8-1417477804 - Holdem no limit (15/30) - 2014/12/01 23:50:04 UTC
Table: 'Double or Nothing(102140685)#0' 10-max (real money) Seat #8 is the button
Seat 1: secretstar62 (1490)
Seat 2: LECOLOMBIER7 (2640)
Seat 3: G_ZU (1470)
Seat 4: sabre_laser (920)
Seat 5: fanatic1980 (2180)
Seat 7: jerem59133 (1970)
Seat 8: GrindMyWayUp (1455)
Seat 9: Djoules59 (1395)
Seat 10: sianae (1480)
*** ANTE/BLINDS ***
Djoules59 posts small blind 15
sianae posts big blind 30
Dealt to sabre_laser [3s 8c]
*** PRE-FLOP *** 
secretstar62 folds
LECOLOMBIER7 folds
G_ZU folds
sabre_laser folds
fanatic1980 raises 45 to 75
jerem59133 calls 75
GrindMyWayUp folds
Djoules59 folds
sianae folds
*** FLOP *** [7h 6h 5c]
fanatic1980 bets 195
jerem59133 folds
fanatic1980 collected 390 from pot
*** SUMMARY ***
Total pot 390 | No rake
Board: [7h 6h 5c]
Seat 5: fanatic1980 won 390


Winamax Poker - Tournament "Double or Nothing" buyIn: 0,92€ + 0,08€ level: 1 - HandId: #438690901666037761-9-1417477865 - Holdem no limit (15/30) - 2014/12/01 23:51:05 UTC
Table: 'Double or Nothing(102140685)#0' 10-max (real money) Seat #9 is the button
Seat 1: secretstar62 (1490)
Seat 2: LECOLOMBIER7 (2640)
Seat 3: G_ZU (1470)
Seat 4: sabre_laser (920)
Seat 5: fanatic1980 (2300)
Seat 7: jerem59133 (1895)
Seat 8: GrindMyWayUp (1455)
Seat 9: Djoules59 (1380)
Seat 10: sianae (1450)
*** ANTE/BLINDS ***
sianae posts small blind 15
secretstar62 posts big blind 30
Dealt to sabre_laser [5c As]
*** PRE-FLOP *** 
LECOLOMBIER7 folds
G_ZU folds
sabre_laser folds
fanatic1980 calls 30
jerem59133 folds
GrindMyWayUp folds
Djoules59 calls 30
sianae folds
secretstar62 checks
*** FLOP *** [8s Qc Ah]
secretstar62 checks
fanatic1980 bets 30
Djoules59 folds
secretstar62 folds
fanatic1980 collected 135 from pot
*** SUMMARY ***
Total pot 135 | No rake
Board: [8s Qc Ah]
Seat 5: fanatic1980 won 135


Winamax Poker - Tournament "Double or Nothing" buyIn: 0,92€ + 0,08€ level: 1 - HandId: #438690901666037761-10-1417477921 - Holdem no limit (15/30) - 2014/12/01 23:52:01 UTC
Table: 'Double or Nothing(102140685)#0' 10-max (real money) Seat #10 is the button
Seat 1: secretstar62 (1460)
Seat 2: LECOLOMBIER7 (2640)
Seat 3: G_ZU (1470)
Seat 4: sabre_laser (920)
Seat 5: fanatic1980 (2375)
Seat 7: jerem59133 (1895)
Seat 8: GrindMyWayUp (1455)
Seat 9: Djoules59 (1350)
Seat 10: sianae (1435)
*** ANTE/BLINDS ***
secretstar62 posts small blind 15
LECOLOMBIER7 posts big blind 30
Dealt to sabre_laser [Th Qh]
*** PRE-FLOP *** 
G_ZU folds
sabre_laser folds
fanatic1980 raises 45 to 75
jerem59133 folds
GrindMyWayUp folds
Djoules59 folds
sianae folds
secretstar62 folds
LECOLOMBIER7 folds
fanatic1980 collected 120 from pot
*** SUMMARY ***
Total pot 120 | No rake
Seat 5: fanatic1980 won 120


Winamax Poker - Tournament "Double or Nothing" buyIn: 0,92€ + 0,08€ level: 2 - HandId: #438690901666037761-11-1417477947 - Holdem no limit (20/40) - 2014/12/01 23:52:27 UTC
Table: 'Double or Nothing(102140685)#0' 10-max (real money) Seat #1 is the button
Seat 1: secretstar62 (1445)
Seat 2: LECOLOMBIER7 (2610)
Seat 3: G_ZU (1470)
Seat 4: sabre_laser (920)
Seat 5: fanatic1980 (2420)
Seat 7: jerem59133 (1895)
Seat 8: GrindMyWayUp (1455)
Seat 9: Djoules59 (1350)
Seat 10: sianae (1435)
*** ANTE/BLINDS ***
LECOLOMBIER7 posts small blind 20
G_ZU posts big blind 40
Dealt to sabre_laser [5s 3c]
*** PRE-FLOP *** 
sabre_laser folds
fanatic1980 raises 60 to 100
jerem59133 folds
GrindMyWayUp folds
Djoules59 folds
sianae folds
secretstar62 folds
LECOLOMBIER7 folds
G_ZU folds
fanatic1980 collected 160 from pot
*** SUMMARY ***
Total pot 160 | No rake
Seat 5: fanatic1980 won 160


Winamax Poker - Tournament "Double or Nothing" buyIn: 0,92€ + 0,08€ level: 2 - HandId: #438690901666037761-12-1417478018 - Holdem no limit (20/40) - 2014/12/01 23:53:38 UTC
Table: 'Double or Nothing(102140685)#0' 10-max (real money) Seat #2 is the button
Seat 1: secretstar62 (1445)
Seat 2: LECOLOMBIER7 (2590)
Seat 3: G_ZU (1430)
Seat 4: sabre_laser (920)
Seat 5: fanatic1980 (2480)
Seat 7: jerem59133 (1895)
Seat 8: GrindMyWayUp (1455)
Seat 9: Djoules59 (1350)
Seat 10: sianae (1435)
*** ANTE/BLINDS ***
G_ZU posts small blind 20
sabre_laser posts big blind 40
Dealt to sabre_laser [4s 6c]
*** PRE-FLOP *** 
fanatic1980 raises 40 to 80
jerem59133 folds
GrindMyWayUp folds
Djoules59 folds
sianae folds
secretstar62 folds
LECOLOMBIER7 folds
G_ZU folds
sabre_laser calls 40
*** FLOP *** [Jc Ah Qd]
sabre_laser checks
fanatic1980 checks
*** TURN *** [Jc Ah Qd][Th]
sabre_laser checks
fanatic1980 checks
*** RIVER *** [Jc Ah Qd Th][2d]
sabre_laser checks
fanatic1980 bets 80
sabre_laser folds
fanatic1980 collected 260 from pot
*** SUMMARY ***
Total pot 260 | No rake
Board: [Jc Ah Qd Th 2d]
Seat 5: fanatic1980 won 260


Winamax Poker - Tournament "Double or Nothing" buyIn: 0,92€ + 0,08€ level: 2 - HandId: #438690901666037761-13-1417478071 - Holdem no limit (20/40) - 2014/12/01 23:54:31 UTC
Table: 'Double or Nothing(102140685)#0' 10-max (real money) Seat #3 is the button
Seat 1: secretstar62 (1445)
Seat 2: LECOLOMBIER7 (2590)
Seat 3: G_ZU (1410)
Seat 4: sabre_laser (840)
Seat 5: fanatic1980 (2580)
Seat 7: jerem59133 (1895)
Seat 8: GrindMyWayUp (1455)
Seat 9: Djoules59 (1350)
Seat 10: sianae (1435)
*** ANTE/BLINDS ***
sabre_laser posts small blind 20
fanatic1980 posts big blind 40
Dealt to sabre_laser [Ac Th]
*** PRE-FLOP *** 
jerem59133 calls 40
GrindMyWayUp folds
Djoules59 folds
sianae calls 40
secretstar62 folds
LECOLOMBIER7 folds
G_ZU folds
sabre_laser calls 20
fanatic1980 checks
*** FLOP *** [Qs 8h 5s]
sabre_laser checks
fanatic1980 checks
jerem59133 checks
sianae checks
*** TURN *** [Qs 8h 5s][2s]
sabre_laser checks
fanatic1980 checks
jerem59133 checks
sianae bets 40
sabre_laser folds
fanatic1980 folds
jerem59133 calls 40
*** RIVER *** [Qs 8h 5s 2s][As]
jerem59133 checks
sianae bets 40
jerem59133 calls 40
*** SHOW DOWN ***
jerem59133 shows [Tc Js] (Flush Ace high)
sianae shows [Ks 7s] (Flush Ace high)
sianae collected 320 from pot
*** SUMMARY ***
Total pot 320 | No rake
Board: [Qs 8h 5s 2s As]
Seat 7: jerem59133 showed [Tc Js] and lost with Flush Ace high
Seat 10: sianae showed [Ks 7s] and won 320 with Flush Ace high


Winamax Poker - Tournament "Double or Nothing" buyIn: 0,92€ + 0,08€ level: 2 - HandId: #438690901666037761-14-1417478179 - Holdem no limit (20/40) - 2014/12/01 23:56:19 UTC
Table: 'Double or Nothing(102140685)#0' 10-max (real money) Seat #4 is the button
Seat 1: secretstar62 (1445)
Seat 2: LECOLOMBIER7 (2590)
Seat 3: G_ZU (1410)
Seat 4: sabre_laser (800)
Seat 5: fanatic1980 (2540)
Seat 7: jerem59133 (1775)
Seat 8: GrindMyWayUp (1455)
Seat 9: Djoules59 (1350)
Seat 10: sianae (1635)
*** ANTE/BLINDS ***
fanatic1980 posts small blind 20
jerem59133 posts big blind 40
Dealt to sabre_laser [Td 2s]
*** PRE-FLOP *** 
GrindMyWayUp folds
Djoules59 folds
sianae calls 40
secretstar62 folds
LECOLOMBIER7 folds
G_ZU folds
sabre_laser folds
fanatic1980 raises 120 to 160
jerem59133 calls 120
sianae folds
*** FLOP *** [5h Kh 6d]
fanatic1980 bets 180
jerem59133 folds
fanatic1980 collected 540 from pot
*** SUMMARY ***
Total pot 540 | No rake
Board: [5h Kh 6d]
Seat 5: fanatic1980 (small blind) won 540


Winamax Poker - Tournament "Double or Nothing" buyIn: 0,92€ + 0,08€ level: 2 - HandId: #438690901666037761-15-1417478237 - Holdem no limit (20/40) - 2014/12/01 23:57:17 UTC
Table: 'Double or Nothing(102140685)#0' 10-max (real money) Seat #5 is the button
Seat 1: secretstar62 (1445)
Seat 2: LECOLOMBIER7 (2590)
Seat 3: G_ZU (1410)
Seat 4: sabre_laser (800)
Seat 5: fanatic1980 (2740)
Seat 7: jerem59133 (1615)
Seat 8: GrindMyWayUp (1455)
Seat 9: Djoules59 (1350)
Seat 10: sianae (1595)
*** ANTE/BLINDS ***
jerem59133 posts small blind 20
GrindMyWayUp posts big blind 40
Dealt to sabre_laser [Td 3s]
*** PRE-FLOP *** 
Djoules59 folds
sianae folds
secretstar62 raises 80 to 120
LECOLOMBIER7 folds
G_ZU folds
sabre_laser folds
fanatic1980 raises 300 to 420
jerem59133 folds
GrindMyWayUp folds
secretstar62 calls 300
*** FLOP *** [Jc 5c As]
secretstar62 checks
fanatic1980 checks
*** TURN *** [Jc 5c As][Kd]
secretstar62 bets 675
fanatic1980 calls 675
*** RIVER *** [Jc 5c As Kd][Kh]
secretstar62 bets 350 and is all-in
fanatic1980 calls 350
*** SHOW DOWN ***
secretstar62 shows [Ad Qd] (Two pairs : Aces and Kings)
fanatic1980 shows [Qc Ah] (Two pairs : Aces and Kings)
fanatic1980 collected 1475 from pot
secretstar62 collected 1475 from pot
*** SUMMARY ***
Total pot 2950 | No rake
Board: [Jc 5c As Kd Kh]
Seat 1: secretstar62 showed [Ad Qd] and won 1475 with Two pairs : Aces and Kings
Seat 5: fanatic1980 (button) showed [Qc Ah] and won 1475 with Two pairs : Aces and Kings


Winamax Poker - Tournament "Double or Nothing" buyIn: 0,92€ + 0,08€ level: 2 - HandId: #438690901666037761-16-1417478304 - Holdem no limit (20/40) - 2014/12/01 23:58:24 UTC
Table: 'Double or Nothing(102140685)#0' 10-max (real money) Seat #7 is the button
Seat 1: secretstar62 (1475)
Seat 2: LECOLOMBIER7 (2590)
Seat 3: G_ZU (1410)
Seat 4: sabre_laser (800)
Seat 5: fanatic1980 (2770)
Seat 7: jerem59133 (1595)
Seat 8: GrindMyWayUp (1415)
Seat 9: Djoules59 (1350)
Seat 10: sianae (1595)
*** ANTE/BLINDS ***
GrindMyWayUp posts small blind 20
Djoules59 posts big blind 40
Dealt to sabre_laser [2c 9s]
*** PRE-FLOP *** 
sianae folds
secretstar62 folds
LECOLOMBIER7 calls 40
G_ZU folds
sabre_laser folds
fanatic1980 calls 40
jerem59133 folds
GrindMyWayUp folds
Djoules59 checks
*** FLOP *** [6h 5s Jd]
Djoules59 checks
LECOLOMBIER7 checks
fanatic1980 bets 105
Djoules59 folds
LECOLOMBIER7 folds
fanatic1980 collected 245 from pot
*** SUMMARY ***
Total pot 245 | No rake
Board: [6h 5s Jd]
Seat 5: fanatic1980 won 245


Winamax Poker - Tournament "Double or Nothing" buyIn: 0,92€ + 0,08€ level: 3 - HandId: #438690901666037761-17-1417478342 - Holdem no limit (30/60) - 2014/12/01 23:59:02 UTC
Table: 'Double or Nothing(102140685)#0' 10-max (real money) Seat #8 is the button
Seat 1: secretstar62 (1475)
Seat 2: LECOLOMBIER7 (2550)
Seat 3: G_ZU (1410)
Seat 4: sabre_laser (800)
Seat 5: fanatic1980 (2870)
Seat 7: jerem59133 (1595)
Seat 8: GrindMyWayUp (1395)
Seat 9: Djoules59 (1310)
Seat 10: sianae (1595)
*** ANTE/BLINDS ***
Djoules59 posts small blind 30
sianae posts big blind 60
Dealt to sabre_laser [Qs Ks]
*** PRE-FLOP *** 
secretstar62 raises 120 to 180
LECOLOMBIER7 folds
G_ZU folds
sabre_laser folds
fanatic1980 folds
jerem59133 folds
GrindMyWayUp folds
Djoules59 folds
sianae folds
secretstar62 collected 270 from pot
*** SUMMARY ***
Total pot 270 | No rake
Seat 1: secretstar62 won 270


Winamax Poker - Tournament "Double or Nothing" buyIn: 0,92€ + 0,08€ level: 3 - HandId: #438690901666037761-18-1417478384 - Holdem no limit (30/60) - 2014/12/01 23:59:44 UTC
Table: 'Double or Nothing(102140685)#0' 10-max (real money) Seat #9 is the button
Seat 1: secretstar62 (1565)
Seat 2: LECOLOMBIER7 (2550)
Seat 3: G_ZU (1410)
Seat 4: sabre_laser (800)
Seat 5: fanatic1980 (2870)
Seat 7: jerem59133 (1595)
Seat 8: GrindMyWayUp (1395)
Seat 9: Djoules59 (1280)
Seat 10: sianae (1535)
*** ANTE/BLINDS ***
sianae posts small blind 30
secretstar62 posts big blind 60
Dealt to sabre_laser [Jd Kc]
*** PRE-FLOP *** 
LECOLOMBIER7 folds
G_ZU folds
sabre_laser raises 60 to 120
fanatic1980 calls 120
jerem59133 folds
GrindMyWayUp folds
Djoules59 folds
sianae folds
secretstar62 folds
*** FLOP *** [Kh 8d Ts]
sabre_laser checks
fanatic1980 checks
*** TURN *** [Kh 8d Ts][Qh]
sabre_laser bets 120
fanatic1980 calls 120
*** RIVER *** [Kh 8d Ts Qh][5s]
sabre_laser bets 180
fanatic1980 raises 2450 to 2630 and is all-in
sabre_laser calls 380 and is all-in
*** SHOW DOWN ***
sabre_laser shows [Jd Kc] (One pair : Kings)
fanatic1980 shows [2h As] (High card : Ace)
fanatic1980 collected 2070 from side pot 1
sabre_laser collected 1690 from main pot
*** SUMMARY ***
Total pot 3760 | No rake
Board: [Kh 8d Ts Qh 5s]
Seat 4: sabre_laser showed [Jd Kc] and won 1690 with One pair : Kings
Seat 5: fanatic1980 showed [2h As] and won 2070 with High card : Ace


Winamax Poker - Tournament "Double or Nothing" buyIn: 0,92€ + 0,08€ level: 3 - HandId: #438690901666037761-19-1417478477 - Holdem no limit (30/60) - 2014/12/02 00:01:17 UTC
Table: 'Double or Nothing(102140685)#0' 10-max (real money) Seat #10 is the button
Seat 1: secretstar62 (1505)
Seat 2: LECOLOMBIER7 (2550)
Seat 3: G_ZU (1410)
Seat 4: sabre_laser (1690)
Seat 5: fanatic1980 (2070)
Seat 7: jerem59133 (1595)
Seat 8: GrindMyWayUp (1395)
Seat 9: Djoules59 (1280)
Seat 10: sianae (1505)
*** ANTE/BLINDS ***
secretstar62 posts small blind 30
LECOLOMBIER7 posts big blind 60
Dealt to sabre_laser [Jh 5h]
*** PRE-FLOP *** 
G_ZU folds
sabre_laser folds
fanatic1980 raises 150 to 210
jerem59133 folds
GrindMyWayUp folds
Djoules59 folds
sianae folds
secretstar62 folds
LECOLOMBIER7 folds
fanatic1980 collected 300 from pot
*** SUMMARY ***
Total pot 300 | No rake
Seat 5: fanatic1980 won 300


Winamax Poker - Tournament "Double or Nothing" buyIn: 0,92€ + 0,08€ level: 3 - HandId: #438690901666037761-20-1417478521 - Holdem no limit (30/60) - 2014/12/02 00:02:01 UTC
Table: 'Double or Nothing(102140685)#0' 10-max (real money) Seat #1 is the button
Seat 1: secretstar62 (1475)
Seat 2: LECOLOMBIER7 (2490)
Seat 3: G_ZU (1410)
Seat 4: sabre_laser (1690)
Seat 5: fanatic1980 (2160)
Seat 7: jerem59133 (1595)
Seat 8: GrindMyWayUp (1395)
Seat 9: Djoules59 (1280)
Seat 10: sianae (1505)
*** ANTE/BLINDS ***
LECOLOMBIER7 posts small blind 30
G_ZU posts big blind 60
Dealt to sabre_laser [9h 4c]
*** PRE-FLOP *** 
sabre_laser folds
fanatic1980 folds
jerem59133 folds
GrindMyWayUp raises 60 to 120
Djoules59 folds
sianae folds
secretstar62 folds
LECOLOMBIER7 folds
G_ZU folds
GrindMyWayUp collected 210 from pot
*** SUMMARY ***
Total pot 210 | No rake
Seat 8: GrindMyWayUp won 210


Winamax Poker - Tournament "Double or Nothing" buyIn: 0,92€ + 0,08€ level: 3 - HandId: #438690901666037761-21-1417478600 - Holdem no limit (30/60) - 2014/12/02 00:03:20 UTC
Table: 'Double or Nothing(102140685)#0' 10-max (real money) Seat #2 is the button
Seat 1: secretstar62 (1475)
Seat 2: LECOLOMBIER7 (2460)
Seat 3: G_ZU (1350)
Seat 4: sabre_laser (1690)
Seat 5: fanatic1980 (2160)
Seat 7: jerem59133 (1595)
Seat 8: GrindMyWayUp (1485)
Seat 9: Djoules59 (1280)
Seat 10: sianae (1505)
*** ANTE/BLINDS ***
G_ZU posts small blind 30
sabre_laser posts big blind 60
Dealt to sabre_laser [Ad Qs]
*** PRE-FLOP *** 
fanatic1980 folds
jerem59133 folds
GrindMyWayUp folds
Djoules59 folds
sianae folds
secretstar62 folds
LECOLOMBIER7 calls 60
G_ZU folds
sabre_laser checks
*** FLOP *** [3d 8d Qd]
sabre_laser checks
LECOLOMBIER7 checks
*** TURN *** [3d 8d Qd][As]
sabre_laser checks
LECOLOMBIER7 bets 60
sabre_laser calls 60
*** RIVER *** [3d 8d Qd As][Jc]
sabre_laser bets 90
LECOLOMBIER7 calls 90
*** SHOW DOWN ***
LECOLOMBIER7 shows [Ac 8s] (Two pairs : Aces and 8)
sabre_laser shows [Ad Qs] (Two pairs : Aces and Queens)
sabre_laser collected 450 from pot
*** SUMMARY ***
Total pot 450 | No rake
Board: [3d 8d Qd As Jc]
Seat 2: LECOLOMBIER7 (button) showed [Ac 8s] and lost with Two pairs : Aces and 8
Seat 4: sabre_laser (big blind) showed [Ad Qs] and won 450 with Two pairs : Aces and Queens


Winamax Poker - Tournament "Double or Nothing" buyIn: 0,92€ + 0,08€ level: 4 - HandId: #438690901666037761-22-1417478686 - Holdem no limit (40/80) - 2014/12/02 00:04:46 UTC
Table: 'Double or Nothing(102140685)#0' 10-max (real money) Seat #3 is the button
Seat 1: secretstar62 (1475)
Seat 2: LECOLOMBIER7 (2250)
Seat 3: G_ZU (1320)
Seat 4: sabre_laser (1930)
Seat 5: fanatic1980 (2160)
Seat 7: jerem59133 (1595)
Seat 8: GrindMyWayUp (1485)
Seat 9: Djoules59 (1280)
Seat 10: sianae (1505)
*** ANTE/BLINDS ***
sabre_laser posts small blind 40
fanatic1980 posts big blind 80
Dealt to sabre_laser [4h Jc]
*** PRE-FLOP *** 
jerem59133 folds
GrindMyWayUp folds
Djoules59 raises 1200 to 1280 and is all-in
sianae folds
secretstar62 folds
LECOLOMBIER7 folds
G_ZU folds
sabre_laser folds
fanatic1980 calls 1200
*** FLOP *** [6h Qs 9c]
*** TURN *** [6h Qs 9c][7s]
*** RIVER *** [6h Qs 9c 7s][4d]
*** SHOW DOWN ***
Djoules59 shows [Js Ac] (High card : Ace)
fanatic1980 shows [2c Qd] (One pair : Queens)
fanatic1980 collected 2600 from pot
*** SUMMARY ***
Total pot 2600 | No rake
Board: [6h Qs 9c 7s 4d]
Seat 5: fanatic1980 (big blind) showed [2c Qd] and won 2600 with One pair : Queens
Seat 9: Djoules59 showed [Js Ac] and lost with High card : Ace


Winamax Poker - Tournament "Double or Nothing" buyIn: 0,92€ + 0,08€ level: 4 - HandId: #438690901666037761-23-1417478734 - Holdem no limit (40/80) - 2014/12/02 00:05:34 UTC
Table: 'Double or Nothing(102140685)#0' 10-max (real money) Seat #4 is the button
Seat 1: secretstar62 (1475)
Seat 2: LECOLOMBIER7 (2250)
Seat 3: G_ZU (1320)
Seat 4: sabre_laser (1890)
Seat 5: fanatic1980 (3480)
Seat 7: jerem59133 (1595)
Seat 8: GrindMyWayUp (1485)
Seat 10: sianae (1505)
*** ANTE/BLINDS ***
fanatic1980 posts small blind 40
jerem59133 posts big blind 80
Dealt to sabre_laser [Js 3h]
*** PRE-FLOP *** 
GrindMyWayUp folds
sianae folds
secretstar62 folds
LECOLOMBIER7 folds
G_ZU folds
sabre_laser folds
fanatic1980 folds
jerem59133 collected 120 from pot
*** SUMMARY ***
Total pot 120 | No rake
Seat 7: jerem59133 (big blind) won 120


Winamax Poker - Tournament "Double or Nothing" buyIn: 0,92€ + 0,08€ level: 4 - HandId: #438690901666037761-24-1417478849 - Holdem no limit (40/80) - 2014/12/02 00:07:29 UTC
Table: 'Double or Nothing(102140685)#0' 10-max (real money) Seat #5 is the button
Seat 1: secretstar62 (1475)
Seat 2: LECOLOMBIER7 (2250)
Seat 3: G_ZU (1320)
Seat 4: sabre_laser (1890)
Seat 5: fanatic1980 (3440)
Seat 7: jerem59133 (1635)
Seat 8: GrindMyWayUp (1485)
Seat 10: sianae (1505)
*** ANTE/BLINDS ***
jerem59133 posts small blind 40
GrindMyWayUp posts big blind 80
Dealt to sabre_laser [Qs 3h]
*** PRE-FLOP *** 
sianae folds
secretstar62 folds
LECOLOMBIER7 calls 80
G_ZU folds
sabre_laser folds
fanatic1980 folds
jerem59133 calls 40
GrindMyWayUp checks
*** FLOP *** [Kh 9c 4h]
jerem59133 bets 240
GrindMyWayUp folds
LECOLOMBIER7 folds
jerem59133 collected 480 from pot
*** SUMMARY ***
Total pot 480 | No rake
Board: [Kh 9c 4h]
Seat 7: jerem59133 (small blind) won 480


Winamax Poker - Tournament "Double or Nothing" buyIn: 0,92€ + 0,08€ level: 4 - HandId: #438690901666037761-25-1417478889 - Holdem no limit (40/80) - 2014/12/02 00:08:09 UTC
Table: 'Double or Nothing(102140685)#0' 10-max (real money) Seat #7 is the button
Seat 1: secretstar62 (1475)
Seat 2: LECOLOMBIER7 (2170)
Seat 3: G_ZU (1320)
Seat 4: sabre_laser (1890)
Seat 5: fanatic1980 (3440)
Seat 7: jerem59133 (1795)
Seat 8: GrindMyWayUp (1405)
Seat 10: sianae (1505)
*** ANTE/BLINDS ***
GrindMyWayUp posts small blind 40
sianae posts big blind 80
Dealt to sabre_laser [3c Qc]
*** PRE-FLOP *** 
secretstar62 folds
LECOLOMBIER7 folds
G_ZU folds
sabre_laser folds
fanatic1980 folds
jerem59133 calls 80
GrindMyWayUp folds
sianae checks
*** FLOP *** [Ac 2d 9h]
sianae checks
jerem59133 checks
*** TURN *** [Ac 2d 9h][Kd]
sianae checks
jerem59133 checks
*** RIVER *** [Ac 2d 9h Kd][Qh]
sianae checks
jerem59133 checks
*** SHOW DOWN ***
sianae shows [2c 6s] (One pair : 2)
jerem59133 shows [Qs Jh] (One pair : Queens)
jerem59133 collected 200 from pot
*** SUMMARY ***
Total pot 200 | No rake
Board: [Ac 2d 9h Kd Qh]
Seat 7: jerem59133 (button) showed [Qs Jh] and won 200 with One pair : Queens
Seat 10: sianae (big blind) showed [2c 6s] and lost with One pair : 2


Winamax Poker - Tournament "Double or Nothing" buyIn: 0,92€ + 0,08€ level: 4 - HandId: #438690901666037761-26-1417478967 - Holdem no limit (40/80) - 2014/12/02 00:09:27 UTC
Table: 'Double or Nothing(102140685)#0' 10-max (real money) Seat #8 is the button
Seat 1: secretstar62 (1475)
Seat 2: LECOLOMBIER7 (2170)
Seat 3: G_ZU (1320)
Seat 4: sabre_laser (1890)
Seat 5: fanatic1980 (3440)
Seat 7: jerem59133 (1915)
Seat 8: GrindMyWayUp (1365)
Seat 10: sianae (1425)
*** ANTE/BLINDS ***
sianae posts small blind 40
secretstar62 posts big blind 80
Dealt to sabre_laser [Jc Ad]
*** PRE-FLOP *** 
LECOLOMBIER7 folds
G_ZU folds
sabre_laser raises 80 to 160
fanatic1980 folds
jerem59133 folds
GrindMyWayUp folds
sianae folds
secretstar62 raises 480 to 640
sabre_laser raises 1250 to 1890 and is all-in
secretstar62 calls 835 and is all-in
*** FLOP *** [2s 2c Th]
*** TURN *** [2s 2c Th][3h]
*** RIVER *** [2s 2c Th 3h][6d]
*** SHOW DOWN ***
secretstar62 shows [Ah 6c] (Two pairs : 6 and 2)
sabre_laser shows [Jc Ad] (One pair : 2)
sabre_laser collected 415 from side pot 1
secretstar62 collected 2990 from main pot
*** SUMMARY ***
Total pot 3405 | No rake
Board: [2s 2c Th 3h 6d]
Seat 1: secretstar62 (big blind) showed [Ah 6c] and won 2990 with Two pairs : 6 and 2
Seat 4: sabre_laser showed [Jc Ad] and won 415 with One pair : 2


Winamax Poker - Tournament "Double or Nothing" buyIn: 0,92€ + 0,08€ level: 5 - HandId: #438690901666037761-27-1417479029 - Holdem no limit (60/120) - 2014/12/02 00:10:29 UTC
Table: 'Double or Nothing(102140685)#0' 10-max (real money) Seat #10 is the button
Seat 1: secretstar62 (2990)
Seat 2: LECOLOMBIER7 (2170)
Seat 3: G_ZU (1320)
Seat 4: sabre_laser (415)
Seat 5: fanatic1980 (3440)
Seat 7: jerem59133 (1915)
Seat 8: GrindMyWayUp (1365)
Seat 10: sianae (1385)
*** ANTE/BLINDS ***
secretstar62 posts small blind 60
LECOLOMBIER7 posts big blind 120
Dealt to sabre_laser [6h 3c]
*** PRE-FLOP *** 
G_ZU folds
sabre_laser folds
fanatic1980 folds
jerem59133 folds
GrindMyWayUp folds
sianae calls 120
secretstar62 folds
LECOLOMBIER7 checks
*** FLOP *** [Jh 2c 6c]
LECOLOMBIER7 checks
sianae bets 150
LECOLOMBIER7 folds
sianae collected 450 from pot
*** SUMMARY ***
Total pot 450 | No rake
Board: [Jh 2c 6c]
Seat 10: sianae (button) won 450


Winamax Poker - Tournament "Double or Nothing" buyIn: 0,92€ + 0,08€ level: 5 - HandId: #438690901666037761-28-1417479065 - Holdem no limit (60/120) - 2014/12/02 00:11:05 UTC
Table: 'Double or Nothing(102140685)#0' 10-max (real money) Seat #1 is the button
Seat 1: secretstar62 (2930)
Seat 2: LECOLOMBIER7 (2050)
Seat 3: G_ZU (1320)
Seat 4: sabre_laser (415)
Seat 5: fanatic1980 (3440)
Seat 7: jerem59133 (1915)
Seat 8: GrindMyWayUp (1365)
Seat 10: sianae (1565)
*** ANTE/BLINDS ***
LECOLOMBIER7 posts small blind 60
G_ZU posts big blind 120
Dealt to sabre_laser [4s Jd]
*** PRE-FLOP *** 
sabre_laser folds
fanatic1980 folds
jerem59133 folds
GrindMyWayUp raises 120 to 240
sianae folds
secretstar62 folds
LECOLOMBIER7 folds
G_ZU folds
GrindMyWayUp collected 420 from pot
*** SUMMARY ***
Total pot 420 | No rake
Seat 8: GrindMyWayUp won 420


Winamax Poker - Tournament "Double or Nothing" buyIn: 0,92€ + 0,08€ level: 5 - HandId: #438690901666037761-29-1417479094 - Holdem no limit (60/120) - 2014/12/02 00:11:34 UTC
Table: 'Double or Nothing(102140685)#0' 10-max (real money) Seat #2 is the button
Seat 1: secretstar62 (2930)
Seat 2: LECOLOMBIER7 (1990)
Seat 3: G_ZU (1200)
Seat 4: sabre_laser (415)
Seat 5: fanatic1980 (3440)
Seat 7: jerem59133 (1915)
Seat 8: GrindMyWayUp (1545)
Seat 10: sianae (1565)
*** ANTE/BLINDS ***
G_ZU posts small blind 60
sabre_laser posts big blind 120
Dealt to sabre_laser [7s 4d]
*** PRE-FLOP *** 
fanatic1980 folds
jerem59133 folds
GrindMyWayUp folds
sianae folds
secretstar62 folds
LECOLOMBIER7 raises 1870 to 1990 and is all-in
G_ZU folds
sabre_laser folds
LECOLOMBIER7 collected 2170 from pot
*** SUMMARY ***
Total pot 2170 | No rake
Seat 2: LECOLOMBIER7 (button) won 2170


Winamax Poker - Tournament "Double or Nothing" buyIn: 0,92€ + 0,08€ level: 5 - HandId: #438690901666037761-30-1417479121 - Holdem no limit (60/120) - 2014/12/02 00:12:01 UTC
Table: 'Double or Nothing(102140685)#0' 10-max (real money) Seat #3 is the button
Seat 1: secretstar62 (2930)
Seat 2: LECOLOMBIER7 (2170)
Seat 3: G_ZU (1140)
Seat 4: sabre_laser (295)
Seat 5: fanatic1980 (3440)
Seat 7: jerem59133 (1915)
Seat 8: GrindMyWayUp (1545)
Seat 10: sianae (1565)
*** ANTE/BLINDS ***
sabre_laser posts small blind 60
fanatic1980 posts big blind 120
Dealt to sabre_laser [Qh Qd]
*** PRE-FLOP *** 
jerem59133 calls 120
GrindMyWayUp folds
sianae folds
secretstar62 folds
LECOLOMBIER7 raises 2050 to 2170 and is all-in
G_ZU folds
sabre_laser calls 235 and is all-in
fanatic1980 folds
jerem59133 folds
*** FLOP *** [2h Jc Kh]
*** TURN *** [2h Jc Kh][9d]
*** RIVER *** [2h Jc Kh 9d][5h]
*** SHOW DOWN ***
sabre_laser shows [Qh Qd] (One pair : Queens)
LECOLOMBIER7 shows [6d 6s] (One pair : 6)
LECOLOMBIER7 collected 1875 from side pot 1
sabre_laser collected 830 from main pot
*** SUMMARY ***
Total pot 2705 | No rake
Board: [2h Jc Kh 9d 5h]
Seat 2: LECOLOMBIER7 showed [6d 6s] and won 1875 with One pair : 6
Seat 4: sabre_laser (small blind) showed [Qh Qd] and won 830 with One pair : Queens


Winamax Poker - Tournament "Double or Nothing" buyIn: 0,92€ + 0,08€ level: 5 - HandId: #438690901666037761-31-1417479170 - Holdem no limit (60/120) - 2014/12/02 00:12:50 UTC
Table: 'Double or Nothing(102140685)#0' 10-max (real money) Seat #4 is the button
Seat 1: secretstar62 (2930)
Seat 2: LECOLOMBIER7 (1875)
Seat 3: G_ZU (1140)
Seat 4: sabre_laser (830)
Seat 5: fanatic1980 (3320)
Seat 7: jerem59133 (1795)
Seat 8: GrindMyWayUp (1545)
Seat 10: sianae (1565)
*** ANTE/BLINDS ***
fanatic1980 posts small blind 60
jerem59133 posts big blind 120
Dealt to sabre_laser [Ts 9h]
*** PRE-FLOP *** 
GrindMyWayUp folds
sianae folds
secretstar62 folds
LECOLOMBIER7 folds
G_ZU folds
sabre_laser raises 710 to 830 and is all-in
fanatic1980 folds
jerem59133 folds
sabre_laser collected 1010 from pot
*** SUMMARY ***
Total pot 1010 | No rake
Seat 4: sabre_laser (button) won 1010


Winamax Poker - Tournament "Double or Nothing" buyIn: 0,92€ + 0,08€ level: 5 - HandId: #438690901666037761-32-1417479202 - Holdem no limit (60/120) - 2014/12/02 00:13:22 UTC
Table: 'Double or Nothing(102140685)#0' 10-max (real money) Seat #5 is the button
Seat 1: secretstar62 (2930)
Seat 2: LECOLOMBIER7 (1875)
Seat 3: G_ZU (1140)
Seat 4: sabre_laser (1010)
Seat 5: fanatic1980 (3260)
Seat 7: jerem59133 (1675)
Seat 8: GrindMyWayUp (1545)
Seat 10: sianae (1565)
*** ANTE/BLINDS ***
jerem59133 posts small blind 60
GrindMyWayUp posts big blind 120
Dealt to sabre_laser [Tc 2c]
*** PRE-FLOP *** 
sianae folds
secretstar62 folds
LECOLOMBIER7 calls 120
G_ZU folds
sabre_laser folds
fanatic1980 folds
jerem59133 calls 60
GrindMyWayUp checks
*** FLOP *** [Ad Ks 8h]
jerem59133 checks
GrindMyWayUp checks
LECOLOMBIER7 bets 120
jerem59133 folds
GrindMyWayUp folds
LECOLOMBIER7 collected 480 from pot
*** SUMMARY ***
Total pot 480 | No rake
Board: [Ad Ks 8h]
Seat 2: LECOLOMBIER7 won 480


Winamax Poker - Tournament "Double or Nothing" buyIn: 0,92€ + 0,08€ level: 5 - HandId: #438690901666037761-33-1417479258 - Holdem no limit (60/120) - 2014/12/02 00:14:18 UTC
Table: 'Double or Nothing(102140685)#0' 10-max (real money) Seat #7 is the button
Seat 1: secretstar62 (2930)
Seat 2: LECOLOMBIER7 (2115)
Seat 3: G_ZU (1140)
Seat 4: sabre_laser (1010)
Seat 5: fanatic1980 (3260)
Seat 7: jerem59133 (1555)
Seat 8: GrindMyWayUp (1425)
Seat 10: sianae (1565)
*** ANTE/BLINDS ***
GrindMyWayUp posts small blind 60
sianae posts big blind 120
Dealt to sabre_laser [5c Ts]
*** PRE-FLOP *** 
secretstar62 raises 240 to 360
LECOLOMBIER7 folds
G_ZU folds
sabre_laser folds
fanatic1980 folds
jerem59133 folds
GrindMyWayUp raises 1065 to 1425 and is all-in
sianae folds
secretstar62 calls 1065
*** FLOP *** [Tc 2c Js]
*** TURN *** [Tc 2c Js][9h]
*** RIVER *** [Tc 2c Js 9h][4h]
*** SHOW DOWN ***
GrindMyWayUp shows [Qc Qs] (One pair : Queens)
secretstar62 shows [Ad Ah] (One pair : Aces)
secretstar62 collected 2970 from pot
*** SUMMARY ***
Total pot 2970 | No rake
Board: [Tc 2c Js 9h 4h]
Seat 1: secretstar62 showed [Ad Ah] and won 2970 with One pair : Aces
Seat 8: GrindMyWayUp (small blind) showed [Qc Qs] and lost with One pair : Queens


Winamax Poker - Tournament "Double or Nothing" buyIn: 0,92€ + 0,08€ level: 5 - HandId: #438690901666037761-34-1417479299 - Holdem no limit (60/120) - 2014/12/02 00:14:59 UTC
Table: 'Double or Nothing(102140685)#0' 10-max (real money) Seat #8 is the button
Seat 1: secretstar62 (4475)
Seat 2: LECOLOMBIER7 (2115)
Seat 3: G_ZU (1140)
Seat 4: sabre_laser (1010)
Seat 5: fanatic1980 (3260)
Seat 7: jerem59133 (1555)
Seat 10: sianae (1445)
*** ANTE/BLINDS ***
sianae posts small blind 60
secretstar62 posts big blind 120
Dealt to sabre_laser [6h 6s]
*** PRE-FLOP *** 
LECOLOMBIER7 folds
G_ZU folds
sabre_laser calls 120
fanatic1980 folds
jerem59133 raises 1435 to 1555 and is all-in
sianae folds
secretstar62 folds
sabre_laser calls 890 and is all-in
*** FLOP *** [Qh Th Jc]
*** TURN *** [Qh Th Jc][6c]
*** RIVER *** [Qh Th Jc 6c][5s]
*** SHOW DOWN ***
sabre_laser shows [6h 6s] (Trips of 6)
jerem59133 shows [Qc Qs] (Trips of Queens)
jerem59133 collected 2745 from pot
*** SUMMARY ***
Total pot 2745 | No rake
Board: [Qh Th Jc 6c 5s]
Seat 4: sabre_laser showed [6h 6s] and lost with Trips of 6
Seat 7: jerem59133 showed [Qc Qs] and won 2745 with Trips of Queens


