Winamax Poker - Tournament "Double or Nothing" buyIn: 0,46€ + 0,04€ level: 0 - HandId: #555127237427331073-1-1441130616 - Holdem no limit (10/20) - 2015/09/01 18:03:36 UTC
Table: 'Double or Nothing(129250632)#0' 10-max (real money) Seat #1 is the button
Seat 1: malik59200 (1500)
Seat 2: tay187 (1500)
Seat 3: .Roxon. (1500)
Seat 4: Grinderdon (1500)
Seat 5: sabre_laser (1500)
Seat 6: wiroisdvole (1500)
Seat 7: L4B3LVi3 (1500)
Seat 8: fishman2014 (1500)
Seat 9: delfstef (1500)
Seat 10: POTlygAAme (1500)
*** ANTE/BLINDS ***
tay187 posts small blind 10
.Roxon. posts big blind 20
Dealt to sabre_laser [4h Ts]
*** PRE-FLOP *** 
Grinderdon calls 20
sabre_laser folds
wiroisdvole raises 1480 to 1500 and is all-in
L4B3LVi3 folds
fishman2014 folds
delfstef calls 1500 and is all-in
POTlygAAme folds
malik59200 folds
tay187 folds
.Roxon. folds
Grinderdon folds
*** FLOP *** [5d 6c 6s]
*** TURN *** [5d 6c 6s][7h]
*** RIVER *** [5d 6c 6s 7h][Jd]
*** SHOW DOWN ***
delfstef shows [Qd As] (One pair : 6)
wiroisdvole shows [Jc Jh] (Full of Jacks and 6)
wiroisdvole collected 3050 from pot
*** SUMMARY ***
Total pot 3050 | No rake
Board: [5d 6c 6s 7h Jd]
Seat 6: wiroisdvole showed [Jc Jh] and won 3050 with Full of Jacks and 6
Seat 9: delfstef showed [Qd As] and lost with One pair : 6


Winamax Poker - Tournament "Double or Nothing" buyIn: 0,46€ + 0,04€ level: 0 - HandId: #555127237427331073-2-1441130686 - Holdem no limit (10/20) - 2015/09/01 18:04:46 UTC
Table: 'Double or Nothing(129250632)#0' 10-max (real money) Seat #2 is the button
Seat 1: malik59200 (1500)
Seat 2: tay187 (1490)
Seat 3: .Roxon. (1480)
Seat 4: Grinderdon (1480)
Seat 5: sabre_laser (1500)
Seat 6: wiroisdvole (3050)
Seat 7: L4B3LVi3 (1500)
Seat 8: fishman2014 (1500)
Seat 10: POTlygAAme (1500)
*** ANTE/BLINDS ***
.Roxon. posts small blind 10
Grinderdon posts big blind 20
Dealt to sabre_laser [Qs 3h]
*** PRE-FLOP *** 
sabre_laser folds
wiroisdvole raises 40 to 60
L4B3LVi3 folds
fishman2014 calls 60
POTlygAAme calls 60
malik59200 calls 60
tay187 folds
.Roxon. folds
Grinderdon folds
*** FLOP *** [Kd 9h 8c]
wiroisdvole checks
fishman2014 checks
POTlygAAme checks
malik59200 checks
*** TURN *** [Kd 9h 8c][3c]
wiroisdvole checks
fishman2014 checks
POTlygAAme checks
malik59200 bets 135
wiroisdvole calls 135
fishman2014 calls 135
POTlygAAme folds
*** RIVER *** [Kd 9h 8c 3c][8s]
wiroisdvole checks
fishman2014 checks
malik59200 checks
*** SHOW DOWN ***
malik59200 shows [9s Js] (Two pairs : 9 and 8)
wiroisdvole shows [As Jd] (One pair : 8)
fishman2014 shows [Kc Ad] (Two pairs : Kings and 8)
fishman2014 collected 675 from pot
*** SUMMARY ***
Total pot 675 | No rake
Board: [Kd 9h 8c 3c 8s]
Seat 1: malik59200 showed [9s Js] and lost with Two pairs : 9 and 8
Seat 6: wiroisdvole showed [As Jd] and lost with One pair : 8
Seat 8: fishman2014 showed [Kc Ad] and won 675 with Two pairs : Kings and 8


Winamax Poker - Tournament "Double or Nothing" buyIn: 0,46€ + 0,04€ level: 1 - HandId: #555127237427331073-3-1441130850 - Holdem no limit (15/30) - 2015/09/01 18:07:30 UTC
Table: 'Double or Nothing(129250632)#0' 10-max (real money) Seat #3 is the button
Seat 1: malik59200 (1305)
Seat 2: tay187 (1490)
Seat 3: .Roxon. (1470)
Seat 4: Grinderdon (1460)
Seat 5: sabre_laser (1500)
Seat 6: wiroisdvole (2855)
Seat 7: L4B3LVi3 (1500)
Seat 8: fishman2014 (1980)
Seat 10: POTlygAAme (1440)
*** ANTE/BLINDS ***
Grinderdon posts small blind 15
sabre_laser posts big blind 30
Dealt to sabre_laser [8s 3c]
*** PRE-FLOP *** 
wiroisdvole folds
L4B3LVi3 folds
fishman2014 folds
POTlygAAme folds
malik59200 folds
tay187 folds
.Roxon. raises 45 to 75
Grinderdon folds
sabre_laser folds
.Roxon. collected 120 from pot
*** SUMMARY ***
Total pot 120 | No rake
Seat 3: .Roxon. (button) won 120


Winamax Poker - Tournament "Double or Nothing" buyIn: 0,46€ + 0,04€ level: 1 - HandId: #555127237427331073-4-1441130913 - Holdem no limit (15/30) - 2015/09/01 18:08:33 UTC
Table: 'Double or Nothing(129250632)#0' 10-max (real money) Seat #4 is the button
Seat 1: malik59200 (1305)
Seat 2: tay187 (1490)
Seat 3: .Roxon. (1515)
Seat 4: Grinderdon (1445)
Seat 5: sabre_laser (1470)
Seat 6: wiroisdvole (2855)
Seat 7: L4B3LVi3 (1500)
Seat 8: fishman2014 (1980)
Seat 10: POTlygAAme (1440)
*** ANTE/BLINDS ***
sabre_laser posts small blind 15
wiroisdvole posts big blind 30
Dealt to sabre_laser [5d 7d]
*** PRE-FLOP *** 
L4B3LVi3 folds
fishman2014 folds
POTlygAAme folds
malik59200 calls 30
tay187 folds
.Roxon. folds
Grinderdon folds
sabre_laser calls 15
wiroisdvole checks
*** FLOP *** [8h 7c 7s]
sabre_laser checks
wiroisdvole checks
malik59200 checks
*** TURN *** [8h 7c 7s][2d]
sabre_laser checks
wiroisdvole checks
malik59200 bets 30
sabre_laser calls 30
wiroisdvole calls 30
*** RIVER *** [8h 7c 7s 2d][9d]
sabre_laser bets 60
wiroisdvole raises 300 to 360
malik59200 folds
sabre_laser calls 300
*** SHOW DOWN ***
sabre_laser shows [5d 7d] (Trips of 7)
wiroisdvole shows [6d Td] (Straight Ten high)
wiroisdvole collected 900 from pot
*** SUMMARY ***
Total pot 900 | No rake
Board: [8h 7c 7s 2d 9d]
Seat 5: sabre_laser (small blind) showed [5d 7d] and lost with Trips of 7
Seat 6: wiroisdvole (big blind) showed [6d Td] and won 900 with Straight Ten high


Winamax Poker - Tournament "Double or Nothing" buyIn: 0,46€ + 0,04€ level: 2 - HandId: #555127237427331073-5-1441131027 - Holdem no limit (20/40) - 2015/09/01 18:10:27 UTC
Table: 'Double or Nothing(129250632)#0' 10-max (real money) Seat #5 is the button
Seat 1: malik59200 (1245)
Seat 2: tay187 (1490)
Seat 3: .Roxon. (1515)
Seat 4: Grinderdon (1445)
Seat 5: sabre_laser (1050)
Seat 6: wiroisdvole (3335)
Seat 7: L4B3LVi3 (1500)
Seat 8: fishman2014 (1980)
Seat 10: POTlygAAme (1440)
*** ANTE/BLINDS ***
wiroisdvole posts small blind 20
L4B3LVi3 posts big blind 40
Dealt to sabre_laser [6h Qd]
*** PRE-FLOP *** 
fishman2014 folds
POTlygAAme folds
malik59200 folds
tay187 calls 40
.Roxon. folds
Grinderdon folds
sabre_laser folds
wiroisdvole calls 20
L4B3LVi3 checks
*** FLOP *** [Th 2s 4h]
wiroisdvole checks
L4B3LVi3 checks
tay187 checks
*** TURN *** [Th 2s 4h][2d]
wiroisdvole checks
L4B3LVi3 checks
tay187 checks
*** RIVER *** [Th 2s 4h 2d][Jh]
wiroisdvole checks
L4B3LVi3 checks
tay187 checks
*** SHOW DOWN ***
tay187 shows [9h 9s] (Two pairs : 9 and 2)
L4B3LVi3 shows [7c 5s] (One pair : 2)
wiroisdvole shows [7s Jd] (Two pairs : Jacks and 2)
wiroisdvole collected 120 from pot
*** SUMMARY ***
Total pot 120 | No rake
Board: [Th 2s 4h 2d Jh]
Seat 2: tay187 showed [9h 9s] and lost with Two pairs : 9 and 2
Seat 6: wiroisdvole (small blind) showed [7s Jd] and won 120 with Two pairs : Jacks and 2
Seat 7: L4B3LVi3 (big blind) showed [7c 5s] and lost with One pair : 2


Winamax Poker - Tournament "Double or Nothing" buyIn: 0,46€ + 0,04€ level: 2 - HandId: #555127237427331073-6-1441131138 - Holdem no limit (20/40) - 2015/09/01 18:12:18 UTC
Table: 'Double or Nothing(129250632)#0' 10-max (real money) Seat #6 is the button
Seat 1: malik59200 (1245)
Seat 2: tay187 (1450)
Seat 3: .Roxon. (1515)
Seat 4: Grinderdon (1445)
Seat 5: sabre_laser (1050)
Seat 6: wiroisdvole (3415)
Seat 7: L4B3LVi3 (1460)
Seat 8: fishman2014 (1980)
Seat 10: POTlygAAme (1440)
*** ANTE/BLINDS ***
L4B3LVi3 posts small blind 20
fishman2014 posts big blind 40
Dealt to sabre_laser [Ad Kc]
*** PRE-FLOP *** 
POTlygAAme calls 40
malik59200 folds
tay187 folds
.Roxon. folds
Grinderdon folds
sabre_laser raises 260 to 300
wiroisdvole folds
L4B3LVi3 folds
fishman2014 folds
POTlygAAme folds
sabre_laser collected 400 from pot
*** SUMMARY ***
Total pot 400 | No rake
Seat 5: sabre_laser won 400


Winamax Poker - Tournament "Double or Nothing" buyIn: 0,46€ + 0,04€ level: 3 - HandId: #555127237427331073-7-1441131189 - Holdem no limit (30/60) - 2015/09/01 18:13:09 UTC
Table: 'Double or Nothing(129250632)#0' 10-max (real money) Seat #7 is the button
Seat 1: malik59200 (1245)
Seat 2: tay187 (1450)
Seat 3: .Roxon. (1515)
Seat 4: Grinderdon (1445)
Seat 5: sabre_laser (1150)
Seat 6: wiroisdvole (3415)
Seat 7: L4B3LVi3 (1440)
Seat 8: fishman2014 (1940)
Seat 10: POTlygAAme (1400)
*** ANTE/BLINDS ***
fishman2014 posts small blind 30
POTlygAAme posts big blind 60
Dealt to sabre_laser [Jh 9s]
*** PRE-FLOP *** 
malik59200 folds
tay187 folds
.Roxon. folds
Grinderdon folds
sabre_laser folds
wiroisdvole folds
L4B3LVi3 folds
fishman2014 folds
POTlygAAme collected 90 from pot
*** SUMMARY ***
Total pot 90 | No rake
Seat 10: POTlygAAme (big blind) won 90


Winamax Poker - Tournament "Double or Nothing" buyIn: 0,46€ + 0,04€ level: 3 - HandId: #555127237427331073-8-1441131262 - Holdem no limit (30/60) - 2015/09/01 18:14:22 UTC
Table: 'Double or Nothing(129250632)#0' 10-max (real money) Seat #8 is the button
Seat 1: malik59200 (1245)
Seat 2: tay187 (1450)
Seat 3: .Roxon. (1515)
Seat 4: Grinderdon (1445)
Seat 5: sabre_laser (1150)
Seat 6: wiroisdvole (3415)
Seat 7: L4B3LVi3 (1440)
Seat 8: fishman2014 (1910)
Seat 10: POTlygAAme (1430)
*** ANTE/BLINDS ***
POTlygAAme posts small blind 30
malik59200 posts big blind 60
Dealt to sabre_laser [4d Jd]
*** PRE-FLOP *** 
tay187 folds
.Roxon. folds
Grinderdon folds
sabre_laser folds
wiroisdvole folds
L4B3LVi3 folds
fishman2014 calls 60
POTlygAAme folds
malik59200 checks
*** FLOP *** [Kc 5c 5h]
malik59200 bets 60
fishman2014 calls 60
*** TURN *** [Kc 5c 5h][Kh]
malik59200 bets 60
fishman2014 calls 60
*** RIVER *** [Kc 5c 5h Kh][Ah]
malik59200 bets 195
fishman2014 folds
malik59200 collected 585 from pot
*** SUMMARY ***
Total pot 585 | No rake
Board: [Kc 5c 5h Kh Ah]
Seat 1: malik59200 (big blind) won 585


Winamax Poker - Tournament "Double or Nothing" buyIn: 0,46€ + 0,04€ level: 4 - HandId: #555127237427331073-9-1441131403 - Holdem no limit (40/80) - 2015/09/01 18:16:43 UTC
Table: 'Double or Nothing(129250632)#0' 10-max (real money) Seat #10 is the button
Seat 1: malik59200 (1455)
Seat 2: tay187 (1450)
Seat 3: .Roxon. (1515)
Seat 4: Grinderdon (1445)
Seat 5: sabre_laser (1150)
Seat 6: wiroisdvole (3415)
Seat 7: L4B3LVi3 (1440)
Seat 8: fishman2014 (1730)
Seat 10: POTlygAAme (1400)
*** ANTE/BLINDS ***
malik59200 posts small blind 40
tay187 posts big blind 80
Dealt to sabre_laser [Jh Jc]
*** PRE-FLOP *** 
.Roxon. folds
Grinderdon folds
sabre_laser raises 80 to 160
wiroisdvole folds
L4B3LVi3 folds
fishman2014 folds
POTlygAAme folds
malik59200 calls 120
tay187 folds
*** FLOP *** [7s Th Js]
malik59200 checks
sabre_laser bets 160
malik59200 folds
sabre_laser collected 560 from pot
*** SUMMARY ***
Total pot 560 | No rake
Board: [7s Th Js]
Seat 5: sabre_laser won 560


Winamax Poker - Tournament "Double or Nothing" buyIn: 0,46€ + 0,04€ level: 4 - HandId: #555127237427331073-10-1441131479 - Holdem no limit (40/80) - 2015/09/01 18:17:59 UTC
Table: 'Double or Nothing(129250632)#0' 10-max (real money) Seat #1 is the button
Seat 1: malik59200 (1295)
Seat 2: tay187 (1370)
Seat 3: .Roxon. (1515)
Seat 4: Grinderdon (1445)
Seat 5: sabre_laser (1390)
Seat 6: wiroisdvole (3415)
Seat 7: L4B3LVi3 (1440)
Seat 8: fishman2014 (1730)
Seat 10: POTlygAAme (1400)
*** ANTE/BLINDS ***
tay187 posts small blind 40
.Roxon. posts big blind 80
Dealt to sabre_laser [6h Jd]
*** PRE-FLOP *** 
Grinderdon folds
sabre_laser folds
wiroisdvole raises 80 to 160
L4B3LVi3 folds
fishman2014 folds
POTlygAAme folds
malik59200 folds
tay187 folds
.Roxon. folds
wiroisdvole collected 280 from pot
*** SUMMARY ***
Total pot 280 | No rake
Seat 6: wiroisdvole won 280


Winamax Poker - Tournament "Double or Nothing" buyIn: 0,46€ + 0,04€ level: 5 - HandId: #555127237427331073-11-1441131528 - Holdem no limit (60/120) - 2015/09/01 18:18:48 UTC
Table: 'Double or Nothing(129250632)#0' 10-max (real money) Seat #2 is the button
Seat 1: malik59200 (1295)
Seat 2: tay187 (1330)
Seat 3: .Roxon. (1435)
Seat 4: Grinderdon (1445)
Seat 5: sabre_laser (1390)
Seat 6: wiroisdvole (3535)
Seat 7: L4B3LVi3 (1440)
Seat 8: fishman2014 (1730)
Seat 10: POTlygAAme (1400)
*** ANTE/BLINDS ***
.Roxon. posts small blind 60
Grinderdon posts big blind 120
Dealt to sabre_laser [8d Jh]
*** PRE-FLOP *** 
sabre_laser folds
wiroisdvole raises 120 to 240
L4B3LVi3 folds
fishman2014 folds
POTlygAAme raises 1160 to 1400 and is all-in
malik59200 folds
tay187 folds
.Roxon. folds
Grinderdon raises 45 to 1445 and is all-in
wiroisdvole folds
*** FLOP *** [Jd Tc 4h]
*** TURN *** [Jd Tc 4h][7s]
*** RIVER *** [Jd Tc 4h 7s][Th]
*** SHOW DOWN ***
POTlygAAme shows [Kd Ad] (One pair : Tens)
Grinderdon shows [Ac As] (Two pairs : Aces and Tens)
Grinderdon collected 3145 from pot
*** SUMMARY ***
Total pot 3145 | No rake
Board: [Jd Tc 4h 7s Th]
Seat 4: Grinderdon (big blind) showed [Ac As] and won 3145 with Two pairs : Aces and Tens
Seat 10: POTlygAAme showed [Kd Ad] and lost with One pair : Tens


Winamax Poker - Tournament "Double or Nothing" buyIn: 0,46€ + 0,04€ level: 5 - HandId: #555127237427331073-12-1441131591 - Holdem no limit (60/120) - 2015/09/01 18:19:51 UTC
Table: 'Double or Nothing(129250632)#0' 10-max (real money) Seat #3 is the button
Seat 1: malik59200 (1295)
Seat 2: tay187 (1330)
Seat 3: .Roxon. (1375)
Seat 4: Grinderdon (3145)
Seat 5: sabre_laser (1390)
Seat 6: wiroisdvole (3295)
Seat 7: L4B3LVi3 (1440)
Seat 8: fishman2014 (1730)
*** ANTE/BLINDS ***
Grinderdon posts small blind 60
sabre_laser posts big blind 120
Dealt to sabre_laser [Jh Jd]
*** PRE-FLOP *** 
wiroisdvole folds
L4B3LVi3 folds
fishman2014 folds
malik59200 calls 120
tay187 folds
.Roxon. folds
Grinderdon folds
sabre_laser checks
*** FLOP *** [7d 6h 9c]
sabre_laser checks
malik59200 checks
*** TURN *** [7d 6h 9c][5d]
sabre_laser bets 200
malik59200 folds
sabre_laser collected 500 from pot
*** SUMMARY ***
Total pot 500 | No rake
Board: [7d 6h 9c 5d]
Seat 5: sabre_laser (big blind) won 500


Winamax Poker - Tournament "Double or Nothing" buyIn: 0,46€ + 0,04€ level: 5 - HandId: #555127237427331073-13-1441131675 - Holdem no limit (60/120) - 2015/09/01 18:21:15 UTC
Table: 'Double or Nothing(129250632)#0' 10-max (real money) Seat #4 is the button
Seat 1: malik59200 (1175)
Seat 2: tay187 (1330)
Seat 3: .Roxon. (1375)
Seat 4: Grinderdon (3085)
Seat 5: sabre_laser (1570)
Seat 6: wiroisdvole (3295)
Seat 7: L4B3LVi3 (1440)
Seat 8: fishman2014 (1730)
*** ANTE/BLINDS ***
sabre_laser posts small blind 60
wiroisdvole posts big blind 120
Dealt to sabre_laser [Qh Jd]
*** PRE-FLOP *** 
L4B3LVi3 folds
fishman2014 folds
malik59200 folds
tay187 folds
.Roxon. folds
Grinderdon folds
sabre_laser folds
wiroisdvole collected 180 from pot
*** SUMMARY ***
Total pot 180 | No rake
Seat 6: wiroisdvole (big blind) won 180


Winamax Poker - Tournament "Double or Nothing" buyIn: 0,46€ + 0,04€ level: 6 - HandId: #555127237427331073-14-1441131744 - Holdem no limit (80/160) - 2015/09/01 18:22:24 UTC
Table: 'Double or Nothing(129250632)#0' 10-max (real money) Seat #5 is the button
Seat 1: malik59200 (1175)
Seat 2: tay187 (1330)
Seat 3: .Roxon. (1375)
Seat 4: Grinderdon (3085)
Seat 5: sabre_laser (1510)
Seat 6: wiroisdvole (3355)
Seat 7: L4B3LVi3 (1440)
Seat 8: fishman2014 (1730)
*** ANTE/BLINDS ***
wiroisdvole posts small blind 80
L4B3LVi3 posts big blind 160
Dealt to sabre_laser [5s 8h]
*** PRE-FLOP *** 
fishman2014 folds
malik59200 raises 400 to 560
tay187 folds
.Roxon. folds
Grinderdon folds
sabre_laser folds
wiroisdvole folds
L4B3LVi3 folds
malik59200 collected 800 from pot
*** SUMMARY ***
Total pot 800 | No rake
Seat 1: malik59200 won 800


Winamax Poker - Tournament "Double or Nothing" buyIn: 0,46€ + 0,04€ level: 6 - HandId: #555127237427331073-15-1441131804 - Holdem no limit (80/160) - 2015/09/01 18:23:24 UTC
Table: 'Double or Nothing(129250632)#0' 10-max (real money) Seat #6 is the button
Seat 1: malik59200 (1415)
Seat 2: tay187 (1330)
Seat 3: .Roxon. (1375)
Seat 4: Grinderdon (3085)
Seat 5: sabre_laser (1510)
Seat 6: wiroisdvole (3275)
Seat 7: L4B3LVi3 (1280)
Seat 8: fishman2014 (1730)
*** ANTE/BLINDS ***
L4B3LVi3 posts small blind 80
fishman2014 posts big blind 160
Dealt to sabre_laser [7d 4s]
*** PRE-FLOP *** 
malik59200 folds
tay187 folds
.Roxon. raises 240 to 400
Grinderdon folds
sabre_laser folds
wiroisdvole calls 400
L4B3LVi3 folds
fishman2014 folds
*** FLOP *** [4h 2d 3c]
.Roxon. bets 693
wiroisdvole calls 693
*** TURN *** [4h 2d 3c][3h]
.Roxon. bets 282 and is all-in
wiroisdvole calls 282
*** RIVER *** [4h 2d 3c 3h][2s]
*** SHOW DOWN ***
wiroisdvole shows [Qc Ah] (Two pairs : 3 and 2)
.Roxon. shows [Kh Kc] (Two pairs : Kings and 3)
.Roxon. collected 2990 from pot
*** SUMMARY ***
Total pot 2990 | No rake
Board: [4h 2d 3c 3h 2s]
Seat 3: .Roxon. showed [Kh Kc] and won 2990 with Two pairs : Kings and 3
Seat 6: wiroisdvole (button) showed [Qc Ah] and lost with Two pairs : 3 and 2


Winamax Poker - Tournament "Double or Nothing" buyIn: 0,46€ + 0,04€ level: 7 - HandId: #555127237427331073-16-1441131880 - Holdem no limit (10/100/200) - 2015/09/01 18:24:40 UTC
Table: 'Double or Nothing(129250632)#0' 10-max (real money) Seat #7 is the button
Seat 1: malik59200 (1415)
Seat 2: tay187 (1330)
Seat 3: .Roxon. (2990)
Seat 4: Grinderdon (3085)
Seat 5: sabre_laser (1510)
Seat 6: wiroisdvole (1900)
Seat 7: L4B3LVi3 (1200)
Seat 8: fishman2014 (1570)
*** ANTE/BLINDS ***
fishman2014 posts ante 10
malik59200 posts ante 10
tay187 posts ante 10
.Roxon. posts ante 10
Grinderdon posts ante 10
sabre_laser posts ante 10
wiroisdvole posts ante 10
L4B3LVi3 posts ante 10
fishman2014 posts small blind 100
malik59200 posts big blind 200
Dealt to sabre_laser [Qd 2h]
*** PRE-FLOP *** 
tay187 raises 1120 to 1320 and is all-in
.Roxon. folds
Grinderdon folds
sabre_laser folds
wiroisdvole folds
L4B3LVi3 folds
fishman2014 folds
malik59200 folds
tay187 collected 1700 from pot
*** SUMMARY ***
Total pot 1700 | No rake
Seat 2: tay187 won 1700


Winamax Poker - Tournament "Double or Nothing" buyIn: 0,46€ + 0,04€ level: 7 - HandId: #555127237427331073-17-1441131970 - Holdem no limit (10/100/200) - 2015/09/01 18:26:10 UTC
Table: 'Double or Nothing(129250632)#0' 10-max (real money) Seat #8 is the button
Seat 1: malik59200 (1205)
Seat 2: tay187 (1700)
Seat 3: .Roxon. (2980)
Seat 4: Grinderdon (3075)
Seat 5: sabre_laser (1500)
Seat 6: wiroisdvole (1890)
Seat 7: L4B3LVi3 (1190)
Seat 8: fishman2014 (1460)
*** ANTE/BLINDS ***
malik59200 posts ante 10
tay187 posts ante 10
.Roxon. posts ante 10
Grinderdon posts ante 10
sabre_laser posts ante 10
wiroisdvole posts ante 10
L4B3LVi3 posts ante 10
fishman2014 posts ante 10
malik59200 posts small blind 100
tay187 posts big blind 200
Dealt to sabre_laser [6s 3s]
*** PRE-FLOP *** 
.Roxon. folds
Grinderdon folds
sabre_laser folds
wiroisdvole raises 200 to 400
L4B3LVi3 folds
fishman2014 folds
malik59200 folds
tay187 folds
wiroisdvole collected 780 from pot
*** SUMMARY ***
Total pot 780 | No rake
Seat 6: wiroisdvole won 780


Winamax Poker - Tournament "Double or Nothing" buyIn: 0,46€ + 0,04€ level: 7 - HandId: #555127237427331073-18-1441132003 - Holdem no limit (10/100/200) - 2015/09/01 18:26:43 UTC
Table: 'Double or Nothing(129250632)#0' 10-max (real money) Seat #1 is the button
Seat 1: malik59200 (1095)
Seat 2: tay187 (1490)
Seat 3: .Roxon. (2970)
Seat 4: Grinderdon (3065)
Seat 5: sabre_laser (1490)
Seat 6: wiroisdvole (2260)
Seat 7: L4B3LVi3 (1180)
Seat 8: fishman2014 (1450)
*** ANTE/BLINDS ***
tay187 posts ante 10
.Roxon. posts ante 10
malik59200 posts ante 10
Grinderdon posts ante 10
sabre_laser posts ante 10
wiroisdvole posts ante 10
L4B3LVi3 posts ante 10
fishman2014 posts ante 10
tay187 posts small blind 100
.Roxon. posts big blind 200
Dealt to sabre_laser [7s 4s]
*** PRE-FLOP *** 
Grinderdon folds
sabre_laser folds
wiroisdvole folds
L4B3LVi3 folds
fishman2014 folds
malik59200 folds
tay187 folds
.Roxon. collected 380 from pot
*** SUMMARY ***
Total pot 380 | No rake
Seat 3: .Roxon. (big blind) won 380


Winamax Poker - Tournament "Double or Nothing" buyIn: 0,46€ + 0,04€ level: 7 - HandId: #555127237427331073-19-1441132031 - Holdem no limit (10/100/200) - 2015/09/01 18:27:11 UTC
Table: 'Double or Nothing(129250632)#0' 10-max (real money) Seat #2 is the button
Seat 1: malik59200 (1085)
Seat 2: tay187 (1380)
Seat 3: .Roxon. (3140)
Seat 4: Grinderdon (3055)
Seat 5: sabre_laser (1480)
Seat 6: wiroisdvole (2250)
Seat 7: L4B3LVi3 (1170)
Seat 8: fishman2014 (1440)
*** ANTE/BLINDS ***
.Roxon. posts ante 10
Grinderdon posts ante 10
malik59200 posts ante 10
tay187 posts ante 10
sabre_laser posts ante 10
wiroisdvole posts ante 10
L4B3LVi3 posts ante 10
fishman2014 posts ante 10
.Roxon. posts small blind 100
Grinderdon posts big blind 200
Dealt to sabre_laser [5d Tc]
*** PRE-FLOP *** 
sabre_laser folds
wiroisdvole folds
L4B3LVi3 folds
fishman2014 folds
malik59200 folds
tay187 raises 1170 to 1370 and is all-in
.Roxon. folds
Grinderdon folds
tay187 collected 1750 from pot
*** SUMMARY ***
Total pot 1750 | No rake
Seat 2: tay187 (button) won 1750


Winamax Poker - Tournament "Double or Nothing" buyIn: 0,46€ + 0,04€ level: 8 - HandId: #555127237427331073-20-1441132080 - Holdem no limit (20/150/300) - 2015/09/01 18:28:00 UTC
Table: 'Double or Nothing(129250632)#0' 10-max (real money) Seat #3 is the button
Seat 1: malik59200 (1075)
Seat 2: tay187 (1750)
Seat 3: .Roxon. (3030)
Seat 4: Grinderdon (2845)
Seat 5: sabre_laser (1470)
Seat 6: wiroisdvole (2240)
Seat 7: L4B3LVi3 (1160)
Seat 8: fishman2014 (1430)
*** ANTE/BLINDS ***
Grinderdon posts ante 20
sabre_laser posts ante 20
malik59200 posts ante 20
tay187 posts ante 20
.Roxon. posts ante 20
wiroisdvole posts ante 20
L4B3LVi3 posts ante 20
fishman2014 posts ante 20
Grinderdon posts small blind 150
sabre_laser posts big blind 300
Dealt to sabre_laser [8h Js]
*** PRE-FLOP *** 
wiroisdvole folds
L4B3LVi3 folds
fishman2014 folds
malik59200 folds
tay187 folds
.Roxon. folds
Grinderdon folds
sabre_laser collected 610 from pot
*** SUMMARY ***
Total pot 610 | No rake
Seat 5: sabre_laser (big blind) won 610


Winamax Poker - Tournament "Double or Nothing" buyIn: 0,46€ + 0,04€ level: 8 - HandId: #555127237427331073-21-1441132143 - Holdem no limit (20/150/300) - 2015/09/01 18:29:03 UTC
Table: 'Double or Nothing(129250632)#0' 10-max (real money) Seat #4 is the button
Seat 1: malik59200 (1055)
Seat 2: tay187 (1730)
Seat 3: .Roxon. (3010)
Seat 4: Grinderdon (2675)
Seat 5: sabre_laser (1760)
Seat 6: wiroisdvole (2220)
Seat 7: L4B3LVi3 (1140)
Seat 8: fishman2014 (1410)
*** ANTE/BLINDS ***
sabre_laser posts ante 20
wiroisdvole posts ante 20
malik59200 posts ante 20
tay187 posts ante 20
.Roxon. posts ante 20
Grinderdon posts ante 20
L4B3LVi3 posts ante 20
fishman2014 posts ante 20
sabre_laser posts small blind 150
wiroisdvole posts big blind 300
Dealt to sabre_laser [Qh 5c]
*** PRE-FLOP *** 
L4B3LVi3 raises 820 to 1120 and is all-in
fishman2014 folds
malik59200 folds
tay187 folds
.Roxon. folds
Grinderdon folds
sabre_laser folds
wiroisdvole folds
L4B3LVi3 collected 1730 from pot
*** SUMMARY ***
Total pot 1730 | No rake
Seat 7: L4B3LVi3 won 1730


Winamax Poker - Tournament "Double or Nothing" buyIn: 0,46€ + 0,04€ level: 8 - HandId: #555127237427331073-22-1441132209 - Holdem no limit (20/150/300) - 2015/09/01 18:30:09 UTC
Table: 'Double or Nothing(129250632)#0' 10-max (real money) Seat #5 is the button
Seat 1: malik59200 (1035)
Seat 2: tay187 (1710)
Seat 3: .Roxon. (2990)
Seat 4: Grinderdon (2655)
Seat 5: sabre_laser (1590)
Seat 6: wiroisdvole (1900)
Seat 7: L4B3LVi3 (1730)
Seat 8: fishman2014 (1390)
*** ANTE/BLINDS ***
wiroisdvole posts ante 20
L4B3LVi3 posts ante 20
malik59200 posts ante 20
tay187 posts ante 20
.Roxon. posts ante 20
Grinderdon posts ante 20
sabre_laser posts ante 20
fishman2014 posts ante 20
wiroisdvole posts small blind 150
L4B3LVi3 posts big blind 300
Dealt to sabre_laser [7c 7s]
*** PRE-FLOP *** 
fishman2014 folds
malik59200 folds
tay187 folds
.Roxon. folds
Grinderdon folds
sabre_laser raises 1270 to 1570 and is all-in
wiroisdvole raises 310 to 1880 and is all-in
L4B3LVi3 folds
*** FLOP *** [3d Ah Ac]
*** TURN *** [3d Ah Ac][8h]
*** RIVER *** [3d Ah Ac 8h][9c]
*** SHOW DOWN ***
sabre_laser shows [7c 7s] (Two pairs : Aces and 7)
wiroisdvole shows [Js As] (Trips of Aces)
wiroisdvole collected 3910 from pot
*** SUMMARY ***
Total pot 3910 | No rake
Board: [3d Ah Ac 8h 9c]
Seat 5: sabre_laser (button) showed [7c 7s] and lost with Two pairs : Aces and 7
Seat 6: wiroisdvole (small blind) showed [Js As] and won 3910 with Trips of Aces


