Winamax Poker - Tournament "Double or Nothing" buyIn: 0,46€ + 0,04€ level: 0 - HandId: #555099496233566209-1-1441127098 - Holdem no limit (10/20) - 2015/09/01 17:04:58 UTC
Table: 'Double or Nothing(129244173)#0' 10-max (real money) Seat #3 is the button
Seat 1: sabre_laser (1500)
Seat 2: loic3333 (1500)
Seat 3: Arealith (1500)
Seat 4: L4B3LVi3 (1500)
Seat 5: chris2queur (1500)
Seat 6: TibenLH (1500)
Seat 7: fishman2014 (1500)
Seat 8: 2pacalypse25 (1500)
Seat 9: MAPG4 (1500)
Seat 10: SimCP (1500)
*** ANTE/BLINDS ***
L4B3LVi3 posts small blind 10
chris2queur posts big blind 20
Dealt to sabre_laser [9h 3s]
*** PRE-FLOP *** 
TibenLH folds
fishman2014 folds
2pacalypse25 calls 20
MAPG4 folds
SimCP folds
sabre_laser folds
loic3333 folds
Arealith calls 20
L4B3LVi3 folds
chris2queur checks
*** FLOP *** [2d 5d Ac]
chris2queur checks
2pacalypse25 checks
Arealith bets 20
chris2queur folds
2pacalypse25 folds
Arealith collected 90 from pot
*** SUMMARY ***
Total pot 90 | No rake
Board: [2d 5d Ac]
Seat 3: Arealith (button) won 90


Winamax Poker - Tournament "Double or Nothing" buyIn: 0,46€ + 0,04€ level: 0 - HandId: #555099496233566209-2-1441127178 - Holdem no limit (10/20) - 2015/09/01 17:06:18 UTC
Table: 'Double or Nothing(129244173)#0' 10-max (real money) Seat #4 is the button
Seat 1: sabre_laser (1500)
Seat 2: loic3333 (1500)
Seat 3: Arealith (1550)
Seat 4: L4B3LVi3 (1490)
Seat 5: chris2queur (1480)
Seat 6: TibenLH (1500)
Seat 7: fishman2014 (1500)
Seat 8: 2pacalypse25 (1480)
Seat 9: MAPG4 (1500)
Seat 10: SimCP (1500)
*** ANTE/BLINDS ***
chris2queur posts small blind 10
TibenLH posts big blind 20
Dealt to sabre_laser [Ac 5h]
*** PRE-FLOP *** 
fishman2014 folds
2pacalypse25 folds
MAPG4 calls 20
SimCP folds
sabre_laser folds
loic3333 folds
Arealith folds
L4B3LVi3 folds
chris2queur folds
TibenLH checks
*** FLOP *** [As 3s 5c]
TibenLH bets 20
MAPG4 folds
TibenLH collected 70 from pot
*** SUMMARY ***
Total pot 70 | No rake
Board: [As 3s 5c]
Seat 6: TibenLH (big blind) won 70


Winamax Poker - Tournament "Double or Nothing" buyIn: 0,46€ + 0,04€ level: 0 - HandId: #555099496233566209-3-1441127232 - Holdem no limit (10/20) - 2015/09/01 17:07:12 UTC
Table: 'Double or Nothing(129244173)#0' 10-max (real money) Seat #5 is the button
Seat 1: sabre_laser (1500)
Seat 2: loic3333 (1500)
Seat 3: Arealith (1550)
Seat 4: L4B3LVi3 (1490)
Seat 5: chris2queur (1470)
Seat 6: TibenLH (1530)
Seat 7: fishman2014 (1500)
Seat 8: 2pacalypse25 (1480)
Seat 9: MAPG4 (1480)
Seat 10: SimCP (1500)
*** ANTE/BLINDS ***
TibenLH posts small blind 10
fishman2014 posts big blind 20
Dealt to sabre_laser [7s 3h]
*** PRE-FLOP *** 
2pacalypse25 folds
MAPG4 folds
SimCP folds
sabre_laser folds
loic3333 folds
Arealith folds
L4B3LVi3 folds
chris2queur folds
TibenLH calls 10
fishman2014 checks
*** FLOP *** [4c Qd Kc]
TibenLH checks
fishman2014 checks
*** TURN *** [4c Qd Kc][4d]
TibenLH checks
fishman2014 checks
*** RIVER *** [4c Qd Kc 4d][4s]
TibenLH checks
fishman2014 checks
*** SHOW DOWN ***
TibenLH shows [9c 6s] (Trips of 4)
fishman2014 shows [9h 9s] (Full of 4 and 9)
fishman2014 collected 40 from pot
*** SUMMARY ***
Total pot 40 | No rake
Board: [4c Qd Kc 4d 4s]
Seat 6: TibenLH (small blind) showed [9c 6s] and lost with Trips of 4
Seat 7: fishman2014 (big blind) showed [9h 9s] and won 40 with Full of 4 and 9


Winamax Poker - Tournament "Double or Nothing" buyIn: 0,46€ + 0,04€ level: 1 - HandId: #555099496233566209-4-1441127313 - Holdem no limit (15/30) - 2015/09/01 17:08:33 UTC
Table: 'Double or Nothing(129244173)#0' 10-max (real money) Seat #6 is the button
Seat 1: sabre_laser (1500)
Seat 2: loic3333 (1500)
Seat 3: Arealith (1550)
Seat 4: L4B3LVi3 (1490)
Seat 5: chris2queur (1470)
Seat 6: TibenLH (1510)
Seat 7: fishman2014 (1520)
Seat 8: 2pacalypse25 (1480)
Seat 9: MAPG4 (1480)
Seat 10: SimCP (1500)
*** ANTE/BLINDS ***
fishman2014 posts small blind 15
2pacalypse25 posts big blind 30
Dealt to sabre_laser [Qs 2d]
*** PRE-FLOP *** 
MAPG4 folds
SimCP folds
sabre_laser folds
loic3333 raises 90 to 120
Arealith folds
L4B3LVi3 folds
chris2queur folds
TibenLH folds
fishman2014 folds
2pacalypse25 folds
loic3333 collected 165 from pot
*** SUMMARY ***
Total pot 165 | No rake
Seat 2: loic3333 won 165


Winamax Poker - Tournament "Double or Nothing" buyIn: 0,46€ + 0,04€ level: 1 - HandId: #555099496233566209-5-1441127377 - Holdem no limit (15/30) - 2015/09/01 17:09:37 UTC
Table: 'Double or Nothing(129244173)#0' 10-max (real money) Seat #7 is the button
Seat 1: sabre_laser (1500)
Seat 2: loic3333 (1545)
Seat 3: Arealith (1550)
Seat 4: L4B3LVi3 (1490)
Seat 5: chris2queur (1470)
Seat 6: TibenLH (1510)
Seat 7: fishman2014 (1505)
Seat 8: 2pacalypse25 (1450)
Seat 9: MAPG4 (1480)
Seat 10: SimCP (1500)
*** ANTE/BLINDS ***
2pacalypse25 posts small blind 15
MAPG4 posts big blind 30
Dealt to sabre_laser [Qc Kd]
*** PRE-FLOP *** 
SimCP folds
sabre_laser calls 30
loic3333 folds
Arealith folds
L4B3LVi3 folds
chris2queur folds
TibenLH folds
fishman2014 folds
2pacalypse25 calls 15
MAPG4 checks
*** FLOP *** [Ac Ad 8s]
2pacalypse25 bets 30
MAPG4 folds
sabre_laser calls 30
*** TURN *** [Ac Ad 8s][Qs]
2pacalypse25 checks
sabre_laser checks
*** RIVER *** [Ac Ad 8s Qs][2h]
2pacalypse25 bets 30
sabre_laser calls 30
*** SHOW DOWN ***
2pacalypse25 shows [8h 4h] (Two pairs : Aces and 8)
sabre_laser shows [Qc Kd] (Two pairs : Aces and Queens)
sabre_laser collected 210 from pot
*** SUMMARY ***
Total pot 210 | No rake
Board: [Ac Ad 8s Qs 2h]
Seat 1: sabre_laser showed [Qc Kd] and won 210 with Two pairs : Aces and Queens
Seat 8: 2pacalypse25 (small blind) showed [8h 4h] and lost with Two pairs : Aces and 8


Winamax Poker - Tournament "Double or Nothing" buyIn: 0,46€ + 0,04€ level: 2 - HandId: #555099496233566209-6-1441127467 - Holdem no limit (20/40) - 2015/09/01 17:11:07 UTC
Table: 'Double or Nothing(129244173)#0' 10-max (real money) Seat #8 is the button
Seat 1: sabre_laser (1620)
Seat 2: loic3333 (1545)
Seat 3: Arealith (1550)
Seat 4: L4B3LVi3 (1490)
Seat 5: chris2queur (1470)
Seat 6: TibenLH (1510)
Seat 7: fishman2014 (1505)
Seat 8: 2pacalypse25 (1360)
Seat 9: MAPG4 (1450)
Seat 10: SimCP (1500)
*** ANTE/BLINDS ***
MAPG4 posts small blind 20
SimCP posts big blind 40
Dealt to sabre_laser [Ac Qs]
*** PRE-FLOP *** 
sabre_laser raises 80 to 120
loic3333 folds
Arealith folds
L4B3LVi3 folds
chris2queur folds
TibenLH folds
fishman2014 folds
2pacalypse25 raises 1240 to 1360 and is all-in
MAPG4 folds
SimCP folds
sabre_laser folds
2pacalypse25 shows [Ah Kc] (High card : Ace)
2pacalypse25 collected 1540 from pot
*** SUMMARY ***
Total pot 1540 | No rake
Seat 8: 2pacalypse25 (button) showed [Ah Kc] and won 1540 with High card : Ace


Winamax Poker - Tournament "Double or Nothing" buyIn: 0,46€ + 0,04€ level: 2 - HandId: #555099496233566209-7-1441127527 - Holdem no limit (20/40) - 2015/09/01 17:12:07 UTC
Table: 'Double or Nothing(129244173)#0' 10-max (real money) Seat #9 is the button
Seat 1: sabre_laser (1500)
Seat 2: loic3333 (1545)
Seat 3: Arealith (1550)
Seat 4: L4B3LVi3 (1490)
Seat 5: chris2queur (1470)
Seat 6: TibenLH (1510)
Seat 7: fishman2014 (1505)
Seat 8: 2pacalypse25 (1540)
Seat 9: MAPG4 (1430)
Seat 10: SimCP (1460)
*** ANTE/BLINDS ***
SimCP posts small blind 20
sabre_laser posts big blind 40
Dealt to sabre_laser [Js 9c]
*** PRE-FLOP *** 
loic3333 folds
Arealith folds
L4B3LVi3 folds
chris2queur folds
TibenLH folds
fishman2014 folds
2pacalypse25 folds
MAPG4 calls 40
SimCP folds
sabre_laser checks
*** FLOP *** [6d 4h Ks]
sabre_laser checks
MAPG4 bets 40
sabre_laser folds
MAPG4 collected 140 from pot
*** SUMMARY ***
Total pot 140 | No rake
Board: [6d 4h Ks]
Seat 9: MAPG4 (button) won 140


Winamax Poker - Tournament "Double or Nothing" buyIn: 0,46€ + 0,04€ level: 2 - HandId: #555099496233566209-8-1441127584 - Holdem no limit (20/40) - 2015/09/01 17:13:04 UTC
Table: 'Double or Nothing(129244173)#0' 10-max (real money) Seat #10 is the button
Seat 1: sabre_laser (1460)
Seat 2: loic3333 (1545)
Seat 3: Arealith (1550)
Seat 4: L4B3LVi3 (1490)
Seat 5: chris2queur (1470)
Seat 6: TibenLH (1510)
Seat 7: fishman2014 (1505)
Seat 8: 2pacalypse25 (1540)
Seat 9: MAPG4 (1490)
Seat 10: SimCP (1440)
*** ANTE/BLINDS ***
sabre_laser posts small blind 20
loic3333 posts big blind 40
Dealt to sabre_laser [4d Ts]
*** PRE-FLOP *** 
Arealith raises 40 to 80
L4B3LVi3 folds
chris2queur folds
TibenLH folds
fishman2014 folds
2pacalypse25 calls 80
MAPG4 folds
SimCP folds
sabre_laser folds
loic3333 raises 240 to 320
Arealith calls 240
2pacalypse25 folds
*** FLOP *** [7d 6s 7h]
loic3333 bets 493
Arealith folds
loic3333 collected 1233 from pot
*** SUMMARY ***
Total pot 1233 | No rake
Board: [7d 6s 7h]
Seat 2: loic3333 (big blind) won 1233


Winamax Poker - Tournament "Double or Nothing" buyIn: 0,46€ + 0,04€ level: 3 - HandId: #555099496233566209-9-1441127643 - Holdem no limit (30/60) - 2015/09/01 17:14:03 UTC
Table: 'Double or Nothing(129244173)#0' 10-max (real money) Seat #1 is the button
Seat 1: sabre_laser (1440)
Seat 2: loic3333 (1965)
Seat 3: Arealith (1230)
Seat 4: L4B3LVi3 (1490)
Seat 5: chris2queur (1470)
Seat 6: TibenLH (1510)
Seat 7: fishman2014 (1505)
Seat 8: 2pacalypse25 (1460)
Seat 9: MAPG4 (1490)
Seat 10: SimCP (1440)
*** ANTE/BLINDS ***
loic3333 posts small blind 30
Arealith posts big blind 60
Dealt to sabre_laser [6s 6c]
*** PRE-FLOP *** 
L4B3LVi3 folds
chris2queur folds
TibenLH folds
fishman2014 folds
2pacalypse25 folds
MAPG4 folds
SimCP folds
sabre_laser raises 120 to 180
loic3333 folds
Arealith folds
sabre_laser collected 270 from pot
*** SUMMARY ***
Total pot 270 | No rake
Seat 1: sabre_laser (button) won 270


Winamax Poker - Tournament "Double or Nothing" buyIn: 0,46€ + 0,04€ level: 3 - HandId: #555099496233566209-10-1441127693 - Holdem no limit (30/60) - 2015/09/01 17:14:53 UTC
Table: 'Double or Nothing(129244173)#0' 10-max (real money) Seat #2 is the button
Seat 1: sabre_laser (1530)
Seat 2: loic3333 (1935)
Seat 3: Arealith (1170)
Seat 4: L4B3LVi3 (1490)
Seat 5: chris2queur (1470)
Seat 6: TibenLH (1510)
Seat 7: fishman2014 (1505)
Seat 8: 2pacalypse25 (1460)
Seat 9: MAPG4 (1490)
Seat 10: SimCP (1440)
*** ANTE/BLINDS ***
Arealith posts small blind 30
L4B3LVi3 posts big blind 60
Dealt to sabre_laser [4s 2d]
*** PRE-FLOP *** 
chris2queur folds
TibenLH folds
fishman2014 folds
2pacalypse25 folds
MAPG4 folds
SimCP folds
sabre_laser folds
loic3333 folds
Arealith folds
L4B3LVi3 collected 90 from pot
*** SUMMARY ***
Total pot 90 | No rake
Seat 4: L4B3LVi3 (big blind) won 90


Winamax Poker - Tournament "Double or Nothing" buyIn: 0,46€ + 0,04€ level: 3 - HandId: #555099496233566209-11-1441127741 - Holdem no limit (30/60) - 2015/09/01 17:15:41 UTC
Table: 'Double or Nothing(129244173)#0' 10-max (real money) Seat #3 is the button
Seat 1: sabre_laser (1530)
Seat 2: loic3333 (1935)
Seat 3: Arealith (1140)
Seat 4: L4B3LVi3 (1520)
Seat 5: chris2queur (1470)
Seat 6: TibenLH (1510)
Seat 7: fishman2014 (1505)
Seat 8: 2pacalypse25 (1460)
Seat 9: MAPG4 (1490)
Seat 10: SimCP (1440)
*** ANTE/BLINDS ***
L4B3LVi3 posts small blind 30
chris2queur posts big blind 60
Dealt to sabre_laser [3s 2c]
*** PRE-FLOP *** 
TibenLH calls 60
fishman2014 folds
2pacalypse25 folds
MAPG4 folds
SimCP folds
sabre_laser folds
loic3333 folds
Arealith folds
L4B3LVi3 folds
chris2queur checks
*** FLOP *** [7d 4c 5s]
chris2queur bets 75
TibenLH calls 75
*** TURN *** [7d 4c 5s][7h]
chris2queur checks
TibenLH bets 60
chris2queur calls 60
*** RIVER *** [7d 4c 5s 7h][Ad]
chris2queur checks
TibenLH bets 60
chris2queur calls 60
*** SHOW DOWN ***
chris2queur shows [As 4h] (Two pairs : Aces and 7)
TibenLH shows [Ac Td] (Two pairs : Aces and 7)
TibenLH collected 540 from pot
*** SUMMARY ***
Total pot 540 | No rake
Board: [7d 4c 5s 7h Ad]
Seat 5: chris2queur (big blind) showed [As 4h] and lost with Two pairs : Aces and 7
Seat 6: TibenLH showed [Ac Td] and won 540 with Two pairs : Aces and 7


Winamax Poker - Tournament "Double or Nothing" buyIn: 0,46€ + 0,04€ level: 4 - HandId: #555099496233566209-12-1441127853 - Holdem no limit (40/80) - 2015/09/01 17:17:33 UTC
Table: 'Double or Nothing(129244173)#0' 10-max (real money) Seat #4 is the button
Seat 1: sabre_laser (1530)
Seat 2: loic3333 (1935)
Seat 3: Arealith (1140)
Seat 4: L4B3LVi3 (1490)
Seat 5: chris2queur (1215)
Seat 6: TibenLH (1795)
Seat 7: fishman2014 (1505)
Seat 8: 2pacalypse25 (1460)
Seat 9: MAPG4 (1490)
Seat 10: SimCP (1440)
*** ANTE/BLINDS ***
chris2queur posts small blind 40
TibenLH posts big blind 80
Dealt to sabre_laser [9c 4d]
*** PRE-FLOP *** 
fishman2014 calls 80
2pacalypse25 calls 80
MAPG4 folds
SimCP folds
sabre_laser folds
loic3333 folds
Arealith folds
L4B3LVi3 folds
chris2queur folds
TibenLH checks
*** FLOP *** [Ac 2d Tc]
TibenLH checks
fishman2014 checks
2pacalypse25 checks
*** TURN *** [Ac 2d Tc][5d]
TibenLH checks
fishman2014 bets 199
2pacalypse25 folds
TibenLH calls 199
*** RIVER *** [Ac 2d Tc 5d][As]
TibenLH bets 1516 and is all-in
fishman2014 calls 1226 and is all-in
*** SHOW DOWN ***
fishman2014 shows [Ad Kd] (Trips of Aces)
TibenLH shows [Ah Ks] (Trips of Aces)
TibenLH collected 1855 from side pot 1
fishman2014 collected 1565 from main pot
*** SUMMARY ***
Total pot 3420 | No rake
Board: [Ac 2d Tc 5d As]
Seat 6: TibenLH (big blind) showed [Ah Ks] and won 1855 with Trips of Aces
Seat 7: fishman2014 showed [Ad Kd] and won 1565 with Trips of Aces


Winamax Poker - Tournament "Double or Nothing" buyIn: 0,46€ + 0,04€ level: 4 - HandId: #555099496233566209-13-1441127979 - Holdem no limit (40/80) - 2015/09/01 17:19:39 UTC
Table: 'Double or Nothing(129244173)#0' 10-max (real money) Seat #5 is the button
Seat 1: sabre_laser (1530)
Seat 2: loic3333 (1935)
Seat 3: Arealith (1140)
Seat 4: L4B3LVi3 (1490)
Seat 5: chris2queur (1175)
Seat 6: TibenLH (1855)
Seat 7: fishman2014 (1565)
Seat 8: 2pacalypse25 (1380)
Seat 9: MAPG4 (1490)
Seat 10: SimCP (1440)
*** ANTE/BLINDS ***
TibenLH posts small blind 40
fishman2014 posts big blind 80
Dealt to sabre_laser [4s Tc]
*** PRE-FLOP *** 
2pacalypse25 folds
MAPG4 folds
SimCP folds
sabre_laser folds
loic3333 raises 240 to 320
Arealith raises 820 to 1140 and is all-in
L4B3LVi3 folds
chris2queur folds
TibenLH folds
fishman2014 folds
loic3333 calls 820
*** FLOP *** [9h 4d 8c]
*** TURN *** [9h 4d 8c][7h]
*** RIVER *** [9h 4d 8c 7h][2s]
*** SHOW DOWN ***
loic3333 shows [Ah As] (One pair : Aces)
Arealith shows [Ts Jh] (Straight Jack high)
Arealith collected 2400 from pot
*** SUMMARY ***
Total pot 2400 | No rake
Board: [9h 4d 8c 7h 2s]
Seat 2: loic3333 showed [Ah As] and lost with One pair : Aces
Seat 3: Arealith showed [Ts Jh] and won 2400 with Straight Jack high


Winamax Poker - Tournament "Double or Nothing" buyIn: 0,46€ + 0,04€ level: 5 - HandId: #555099496233566209-14-1441128038 - Holdem no limit (60/120) - 2015/09/01 17:20:38 UTC
Table: 'Double or Nothing(129244173)#0' 10-max (real money) Seat #6 is the button
Seat 1: sabre_laser (1530)
Seat 2: loic3333 (795)
Seat 3: Arealith (2400)
Seat 4: L4B3LVi3 (1490)
Seat 5: chris2queur (1175)
Seat 6: TibenLH (1815)
Seat 7: fishman2014 (1485)
Seat 8: 2pacalypse25 (1380)
Seat 9: MAPG4 (1490)
Seat 10: SimCP (1440)
*** ANTE/BLINDS ***
fishman2014 posts small blind 60
2pacalypse25 posts big blind 120
Dealt to sabre_laser [Kd 4s]
*** PRE-FLOP *** 
MAPG4 folds
SimCP folds
sabre_laser folds
loic3333 folds
Arealith folds
L4B3LVi3 folds
chris2queur folds
TibenLH calls 120
fishman2014 folds
2pacalypse25 checks
*** FLOP *** [6s Jc Th]
2pacalypse25 checks
TibenLH checks
*** TURN *** [6s Jc Th][Jd]
2pacalypse25 bets 120
TibenLH folds
2pacalypse25 collected 420 from pot
*** SUMMARY ***
Total pot 420 | No rake
Board: [6s Jc Th Jd]
Seat 8: 2pacalypse25 (big blind) won 420


Winamax Poker - Tournament "Double or Nothing" buyIn: 0,46€ + 0,04€ level: 5 - HandId: #555099496233566209-15-1441128124 - Holdem no limit (60/120) - 2015/09/01 17:22:04 UTC
Table: 'Double or Nothing(129244173)#0' 10-max (real money) Seat #7 is the button
Seat 1: sabre_laser (1530)
Seat 2: loic3333 (795)
Seat 3: Arealith (2400)
Seat 4: L4B3LVi3 (1490)
Seat 5: chris2queur (1175)
Seat 6: TibenLH (1695)
Seat 7: fishman2014 (1425)
Seat 8: 2pacalypse25 (1560)
Seat 9: MAPG4 (1490)
Seat 10: SimCP (1440)
*** ANTE/BLINDS ***
2pacalypse25 posts small blind 60
MAPG4 posts big blind 120
Dealt to sabre_laser [7s 6h]
*** PRE-FLOP *** 
SimCP folds
sabre_laser folds
loic3333 raises 675 to 795 and is all-in
Arealith folds
L4B3LVi3 folds
chris2queur folds
TibenLH folds
fishman2014 folds
2pacalypse25 folds
MAPG4 calls 675
*** FLOP *** [5h 9s Qs]
*** TURN *** [5h 9s Qs][Qc]
*** RIVER *** [5h 9s Qs Qc][8d]
*** SHOW DOWN ***
loic3333 shows [Ah Td] (One pair : Queens)
MAPG4 shows [8c Kc] (Two pairs : Queens and 8)
MAPG4 collected 1650 from pot
*** SUMMARY ***
Total pot 1650 | No rake
Board: [5h 9s Qs Qc 8d]
Seat 2: loic3333 showed [Ah Td] and lost with One pair : Queens
Seat 9: MAPG4 (big blind) showed [8c Kc] and won 1650 with Two pairs : Queens and 8


Winamax Poker - Tournament "Double or Nothing" buyIn: 0,46€ + 0,04€ level: 5 - HandId: #555099496233566209-16-1441128165 - Holdem no limit (60/120) - 2015/09/01 17:22:45 UTC
Table: 'Double or Nothing(129244173)#0' 10-max (real money) Seat #8 is the button
Seat 1: sabre_laser (1530)
Seat 3: Arealith (2400)
Seat 4: L4B3LVi3 (1490)
Seat 5: chris2queur (1175)
Seat 6: TibenLH (1695)
Seat 7: fishman2014 (1425)
Seat 8: 2pacalypse25 (1500)
Seat 9: MAPG4 (2345)
Seat 10: SimCP (1440)
*** ANTE/BLINDS ***
MAPG4 posts small blind 60
SimCP posts big blind 120
Dealt to sabre_laser [Jh Ah]
*** PRE-FLOP *** 
sabre_laser raises 120 to 240
Arealith folds
L4B3LVi3 folds
chris2queur folds
TibenLH folds
fishman2014 folds
2pacalypse25 folds
MAPG4 calls 180
SimCP folds
*** FLOP *** [Ks Qh 6h]
MAPG4 checks
sabre_laser checks
*** TURN *** [Ks Qh 6h][3d]
MAPG4 checks
sabre_laser bets 480
MAPG4 folds
sabre_laser collected 1080 from pot
*** SUMMARY ***
Total pot 1080 | No rake
Board: [Ks Qh 6h 3d]
Seat 1: sabre_laser won 1080


Winamax Poker - Tournament "Double or Nothing" buyIn: 0,46€ + 0,04€ level: 6 - HandId: #555099496233566209-17-1441128247 - Holdem no limit (80/160) - 2015/09/01 17:24:07 UTC
Table: 'Double or Nothing(129244173)#0' 10-max (real money) Seat #9 is the button
Seat 1: sabre_laser (1890)
Seat 3: Arealith (2400)
Seat 4: L4B3LVi3 (1490)
Seat 5: chris2queur (1175)
Seat 6: TibenLH (1695)
Seat 7: fishman2014 (1425)
Seat 8: 2pacalypse25 (1500)
Seat 9: MAPG4 (2105)
Seat 10: SimCP (1320)
*** ANTE/BLINDS ***
SimCP posts small blind 80
sabre_laser posts big blind 160
Dealt to sabre_laser [Kd Tc]
*** PRE-FLOP *** 
Arealith folds
L4B3LVi3 folds
chris2queur raises 1015 to 1175 and is all-in
TibenLH folds
fishman2014 raises 250 to 1425 and is all-in
2pacalypse25 folds
MAPG4 folds
SimCP folds
sabre_laser folds
*** FLOP *** [Ts 6h 2d]
*** TURN *** [Ts 6h 2d][Js]
*** RIVER *** [Ts 6h 2d Js][6c]
*** SHOW DOWN ***
chris2queur shows [Ac 9s] (One pair : 6)
fishman2014 shows [Ah Ad] (Two pairs : Aces and 6)
fishman2014 collected 2840 from pot
*** SUMMARY ***
Total pot 2840 | No rake
Board: [Ts 6h 2d Js 6c]
Seat 5: chris2queur showed [Ac 9s] and lost with One pair : 6
Seat 7: fishman2014 showed [Ah Ad] and won 2840 with Two pairs : Aces and 6


Winamax Poker - Tournament "Double or Nothing" buyIn: 0,46€ + 0,04€ level: 6 - HandId: #555099496233566209-18-1441128283 - Holdem no limit (80/160) - 2015/09/01 17:24:43 UTC
Table: 'Double or Nothing(129244173)#0' 10-max (real money) Seat #10 is the button
Seat 1: sabre_laser (1730)
Seat 3: Arealith (2400)
Seat 4: L4B3LVi3 (1490)
Seat 6: TibenLH (1695)
Seat 7: fishman2014 (2840)
Seat 8: 2pacalypse25 (1500)
Seat 9: MAPG4 (2105)
Seat 10: SimCP (1240)
*** ANTE/BLINDS ***
sabre_laser posts small blind 80
Arealith posts big blind 160
Dealt to sabre_laser [Kc 3d]
*** PRE-FLOP *** 
L4B3LVi3 folds
TibenLH folds
fishman2014 folds
2pacalypse25 folds
MAPG4 raises 1945 to 2105 and is all-in
SimCP folds
sabre_laser folds
Arealith folds
MAPG4 collected 2345 from pot
*** SUMMARY ***
Total pot 2345 | No rake
Seat 9: MAPG4 won 2345


Winamax Poker - Tournament "Double or Nothing" buyIn: 0,46€ + 0,04€ level: 6 - HandId: #555099496233566209-19-1441128341 - Holdem no limit (80/160) - 2015/09/01 17:25:41 UTC
Table: 'Double or Nothing(129244173)#0' 10-max (real money) Seat #1 is the button
Seat 1: sabre_laser (1650)
Seat 3: Arealith (2240)
Seat 4: L4B3LVi3 (1490)
Seat 6: TibenLH (1695)
Seat 7: fishman2014 (2840)
Seat 8: 2pacalypse25 (1500)
Seat 9: MAPG4 (2345)
Seat 10: SimCP (1240)
*** ANTE/BLINDS ***
Arealith posts small blind 80
L4B3LVi3 posts big blind 160
Dealt to sabre_laser [6c 9c]
*** PRE-FLOP *** 
TibenLH folds
fishman2014 folds
2pacalypse25 folds
MAPG4 folds
SimCP folds
sabre_laser raises 160 to 320
Arealith folds
L4B3LVi3 folds
sabre_laser collected 560 from pot
*** SUMMARY ***
Total pot 560 | No rake
Seat 1: sabre_laser (button) won 560


Winamax Poker - Tournament "Double or Nothing" buyIn: 0,46€ + 0,04€ level: 7 - HandId: #555099496233566209-20-1441128372 - Holdem no limit (10/100/200) - 2015/09/01 17:26:12 UTC
Table: 'Double or Nothing(129244173)#0' 10-max (real money) Seat #3 is the button
Seat 1: sabre_laser (1890)
Seat 3: Arealith (2160)
Seat 4: L4B3LVi3 (1330)
Seat 6: TibenLH (1695)
Seat 7: fishman2014 (2840)
Seat 8: 2pacalypse25 (1500)
Seat 9: MAPG4 (2345)
Seat 10: SimCP (1240)
*** ANTE/BLINDS ***
L4B3LVi3 posts ante 10
TibenLH posts ante 10
sabre_laser posts ante 10
Arealith posts ante 10
fishman2014 posts ante 10
2pacalypse25 posts ante 10
MAPG4 posts ante 10
SimCP posts ante 10
L4B3LVi3 posts small blind 100
TibenLH posts big blind 200
Dealt to sabre_laser [9c Td]
*** PRE-FLOP *** 
fishman2014 folds
2pacalypse25 folds
MAPG4 folds
SimCP raises 1030 to 1230 and is all-in
sabre_laser folds
Arealith folds
L4B3LVi3 folds
TibenLH calls 1030
*** FLOP *** [As 4h 6h]
*** TURN *** [As 4h 6h][Ac]
*** RIVER *** [As 4h 6h Ac][8h]
*** SHOW DOWN ***
TibenLH shows [Qd Kh] (One pair : Aces)
SimCP shows [Qs Kd] (One pair : Aces)
SimCP collected 1320 from pot
TibenLH collected 1320 from pot
*** SUMMARY ***
Total pot 2640 | No rake
Board: [As 4h 6h Ac 8h]
Seat 6: TibenLH (big blind) showed [Qd Kh] and won 1320 with One pair : Aces
Seat 10: SimCP showed [Qs Kd] and won 1320 with One pair : Aces


Winamax Poker - Tournament "Double or Nothing" buyIn: 0,46€ + 0,04€ level: 7 - HandId: #555099496233566209-21-1441128429 - Holdem no limit (10/100/200) - 2015/09/01 17:27:09 UTC
Table: 'Double or Nothing(129244173)#0' 10-max (real money) Seat #4 is the button
Seat 1: sabre_laser (1880)
Seat 3: Arealith (2150)
Seat 4: L4B3LVi3 (1220)
Seat 6: TibenLH (1775)
Seat 7: fishman2014 (2830)
Seat 8: 2pacalypse25 (1490)
Seat 9: MAPG4 (2335)
Seat 10: SimCP (1320)
*** ANTE/BLINDS ***
TibenLH posts ante 10
fishman2014 posts ante 10
sabre_laser posts ante 10
Arealith posts ante 10
L4B3LVi3 posts ante 10
2pacalypse25 posts ante 10
MAPG4 posts ante 10
SimCP posts ante 10
TibenLH posts small blind 100
fishman2014 posts big blind 200
Dealt to sabre_laser [Js 4d]
*** PRE-FLOP *** 
2pacalypse25 folds
MAPG4 folds
SimCP folds
sabre_laser folds
Arealith raises 200 to 400
L4B3LVi3 folds
TibenLH folds
fishman2014 folds
Arealith collected 780 from pot
*** SUMMARY ***
Total pot 780 | No rake
Seat 3: Arealith won 780


Winamax Poker - Tournament "Double or Nothing" buyIn: 0,46€ + 0,04€ level: 7 - HandId: #555099496233566209-22-1441128488 - Holdem no limit (10/100/200) - 2015/09/01 17:28:08 UTC
Table: 'Double or Nothing(129244173)#0' 10-max (real money) Seat #6 is the button
Seat 1: sabre_laser (1870)
Seat 3: Arealith (2520)
Seat 4: L4B3LVi3 (1210)
Seat 6: TibenLH (1665)
Seat 7: fishman2014 (2620)
Seat 8: 2pacalypse25 (1480)
Seat 9: MAPG4 (2325)
Seat 10: SimCP (1310)
*** ANTE/BLINDS ***
fishman2014 posts ante 10
2pacalypse25 posts ante 10
sabre_laser posts ante 10
Arealith posts ante 10
L4B3LVi3 posts ante 10
TibenLH posts ante 10
MAPG4 posts ante 10
SimCP posts ante 10
fishman2014 posts small blind 100
2pacalypse25 posts big blind 200
Dealt to sabre_laser [3d Ad]
*** PRE-FLOP *** 
MAPG4 folds
SimCP folds
sabre_laser folds
Arealith folds
L4B3LVi3 folds
TibenLH folds
fishman2014 raises 2410 to 2610 and is all-in
2pacalypse25 folds
fishman2014 collected 2890 from pot
*** SUMMARY ***
Total pot 2890 | No rake
Seat 7: fishman2014 (small blind) won 2890


Winamax Poker - Tournament "Double or Nothing" buyIn: 0,46€ + 0,04€ level: 7 - HandId: #555099496233566209-23-1441128522 - Holdem no limit (10/100/200) - 2015/09/01 17:28:42 UTC
Table: 'Double or Nothing(129244173)#0' 10-max (real money) Seat #7 is the button
Seat 1: sabre_laser (1860)
Seat 3: Arealith (2510)
Seat 4: L4B3LVi3 (1200)
Seat 6: TibenLH (1655)
Seat 7: fishman2014 (2890)
Seat 8: 2pacalypse25 (1270)
Seat 9: MAPG4 (2315)
Seat 10: SimCP (1300)
*** ANTE/BLINDS ***
2pacalypse25 posts ante 10
MAPG4 posts ante 10
sabre_laser posts ante 10
Arealith posts ante 10
L4B3LVi3 posts ante 10
TibenLH posts ante 10
fishman2014 posts ante 10
SimCP posts ante 10
2pacalypse25 posts small blind 100
MAPG4 posts big blind 200
Dealt to sabre_laser [Qh 8d]
*** PRE-FLOP *** 
SimCP folds
sabre_laser folds
Arealith folds
L4B3LVi3 raises 990 to 1190 and is all-in
TibenLH folds
fishman2014 folds
2pacalypse25 folds
MAPG4 folds
L4B3LVi3 collected 1570 from pot
*** SUMMARY ***
Total pot 1570 | No rake
Seat 4: L4B3LVi3 won 1570


Winamax Poker - Tournament "Double or Nothing" buyIn: 0,46€ + 0,04€ level: 8 - HandId: #555099496233566209-24-1441128572 - Holdem no limit (20/150/300) - 2015/09/01 17:29:32 UTC
Table: 'Double or Nothing(129244173)#0' 10-max (real money) Seat #8 is the button
Seat 1: sabre_laser (1850)
Seat 3: Arealith (2500)
Seat 4: L4B3LVi3 (1570)
Seat 6: TibenLH (1645)
Seat 7: fishman2014 (2880)
Seat 8: 2pacalypse25 (1160)
Seat 9: MAPG4 (2105)
Seat 10: SimCP (1290)
*** ANTE/BLINDS ***
MAPG4 posts ante 20
SimCP posts ante 20
sabre_laser posts ante 20
Arealith posts ante 20
L4B3LVi3 posts ante 20
TibenLH posts ante 20
fishman2014 posts ante 20
2pacalypse25 posts ante 20
MAPG4 posts small blind 150
SimCP posts big blind 300
Dealt to sabre_laser [Ad 9c]
*** PRE-FLOP *** 
sabre_laser raises 300 to 600
Arealith folds
L4B3LVi3 folds
TibenLH folds
fishman2014 folds
2pacalypse25 folds
MAPG4 folds
SimCP folds
sabre_laser collected 1210 from pot
*** SUMMARY ***
Total pot 1210 | No rake
Seat 1: sabre_laser won 1210


Winamax Poker - Tournament "Double or Nothing" buyIn: 0,46€ + 0,04€ level: 8 - HandId: #555099496233566209-25-1441128597 - Holdem no limit (20/150/300) - 2015/09/01 17:29:57 UTC
Table: 'Double or Nothing(129244173)#0' 10-max (real money) Seat #9 is the button
Seat 1: sabre_laser (2440)
Seat 3: Arealith (2480)
Seat 4: L4B3LVi3 (1550)
Seat 6: TibenLH (1625)
Seat 7: fishman2014 (2860)
Seat 8: 2pacalypse25 (1140)
Seat 9: MAPG4 (1935)
Seat 10: SimCP (970)
*** ANTE/BLINDS ***
SimCP posts ante 20
sabre_laser posts ante 20
Arealith posts ante 20
L4B3LVi3 posts ante 20
TibenLH posts ante 20
fishman2014 posts ante 20
2pacalypse25 posts ante 20
MAPG4 posts ante 20
SimCP posts small blind 150
sabre_laser posts big blind 300
Dealt to sabre_laser [9c 6c]
*** PRE-FLOP *** 
Arealith folds
L4B3LVi3 folds
TibenLH folds
fishman2014 folds
2pacalypse25 folds
MAPG4 folds
SimCP raises 650 to 950 and is all-in
sabre_laser folds
SimCP collected 1410 from pot
*** SUMMARY ***
Total pot 1410 | No rake
Seat 10: SimCP (small blind) won 1410


Winamax Poker - Tournament "Double or Nothing" buyIn: 0,46€ + 0,04€ level: 8 - HandId: #555099496233566209-26-1441128654 - Holdem no limit (20/150/300) - 2015/09/01 17:30:54 UTC
Table: 'Double or Nothing(129244173)#0' 10-max (real money) Seat #10 is the button
Seat 1: sabre_laser (2120)
Seat 3: Arealith (2460)
Seat 4: L4B3LVi3 (1530)
Seat 6: TibenLH (1605)
Seat 7: fishman2014 (2840)
Seat 8: 2pacalypse25 (1120)
Seat 9: MAPG4 (1915)
Seat 10: SimCP (1410)
*** ANTE/BLINDS ***
sabre_laser posts ante 20
Arealith posts ante 20
L4B3LVi3 posts ante 20
TibenLH posts ante 20
fishman2014 posts ante 20
2pacalypse25 posts ante 20
MAPG4 posts ante 20
SimCP posts ante 20
sabre_laser posts small blind 150
Arealith posts big blind 300
Dealt to sabre_laser [2h 9d]
*** PRE-FLOP *** 
L4B3LVi3 folds
TibenLH folds
fishman2014 folds
2pacalypse25 folds
MAPG4 raises 1595 to 1895 and is all-in
SimCP folds
sabre_laser folds
Arealith folds
MAPG4 collected 2505 from pot
*** SUMMARY ***
Total pot 2505 | No rake
Seat 9: MAPG4 won 2505


Winamax Poker - Tournament "Double or Nothing" buyIn: 0,46€ + 0,04€ level: 8 - HandId: #555099496233566209-27-1441128690 - Holdem no limit (20/150/300) - 2015/09/01 17:31:30 UTC
Table: 'Double or Nothing(129244173)#0' 10-max (real money) Seat #1 is the button
Seat 1: sabre_laser (1950)
Seat 3: Arealith (2140)
Seat 4: L4B3LVi3 (1510)
Seat 6: TibenLH (1585)
Seat 7: fishman2014 (2820)
Seat 8: 2pacalypse25 (1100)
Seat 9: MAPG4 (2505)
Seat 10: SimCP (1390)
*** ANTE/BLINDS ***
Arealith posts ante 20
L4B3LVi3 posts ante 20
sabre_laser posts ante 20
TibenLH posts ante 20
fishman2014 posts ante 20
2pacalypse25 posts ante 20
MAPG4 posts ante 20
SimCP posts ante 20
Arealith posts small blind 150
L4B3LVi3 posts big blind 300
Dealt to sabre_laser [Qc 5h]
*** PRE-FLOP *** 
TibenLH folds
fishman2014 folds
2pacalypse25 folds
MAPG4 folds
SimCP folds
sabre_laser folds
Arealith raises 300 to 600
L4B3LVi3 folds
Arealith collected 1060 from pot
*** SUMMARY ***
Total pot 1060 | No rake
Seat 3: Arealith (small blind) won 1060


Winamax Poker - Tournament "Double or Nothing" buyIn: 0,46€ + 0,04€ level: 9 - HandId: #555099496233566209-28-1441128733 - Holdem no limit (50/200/400) - 2015/09/01 17:32:13 UTC
Table: 'Double or Nothing(129244173)#0' 10-max (real money) Seat #3 is the button
Seat 1: sabre_laser (1930)
Seat 3: Arealith (2580)
Seat 4: L4B3LVi3 (1190)
Seat 6: TibenLH (1565)
Seat 7: fishman2014 (2800)
Seat 8: 2pacalypse25 (1080)
Seat 9: MAPG4 (2485)
Seat 10: SimCP (1370)
*** ANTE/BLINDS ***
L4B3LVi3 posts ante 50
TibenLH posts ante 50
sabre_laser posts ante 50
Arealith posts ante 50
fishman2014 posts ante 50
2pacalypse25 posts ante 50
MAPG4 posts ante 50
SimCP posts ante 50
L4B3LVi3 posts small blind 200
TibenLH posts big blind 400
Dealt to sabre_laser [Kh 6s]
*** PRE-FLOP *** 
fishman2014 folds
2pacalypse25 folds
MAPG4 folds
SimCP raises 920 to 1320 and is all-in
sabre_laser folds
Arealith folds
L4B3LVi3 calls 940 and is all-in
TibenLH folds
*** FLOP *** [4d 6h Th]
*** TURN *** [4d 6h Th][2h]
*** RIVER *** [4d 6h Th 2h][5d]
*** SHOW DOWN ***
L4B3LVi3 shows [9d 9s] (One pair : 9)
SimCP shows [Ac 9h] (High card : Ace)
SimCP collected 180 from side pot 1
L4B3LVi3 collected 3080 from main pot
*** SUMMARY ***
Total pot 3260 | No rake
Board: [4d 6h Th 2h 5d]
Seat 4: L4B3LVi3 (small blind) showed [9d 9s] and won 3080 with One pair : 9
Seat 10: SimCP showed [Ac 9h] and won 180 with High card : Ace


Winamax Poker - Tournament "Double or Nothing" buyIn: 0,46€ + 0,04€ level: 9 - HandId: #555099496233566209-29-1441128777 - Holdem no limit (50/200/400) - 2015/09/01 17:32:57 UTC
Table: 'Double or Nothing(129244173)#0' 10-max (real money) Seat #4 is the button
Seat 1: sabre_laser (1880)
Seat 3: Arealith (2530)
Seat 4: L4B3LVi3 (3080)
Seat 6: TibenLH (1115)
Seat 7: fishman2014 (2750)
Seat 8: 2pacalypse25 (1030)
Seat 9: MAPG4 (2435)
Seat 10: SimCP (180)
*** ANTE/BLINDS ***
TibenLH posts ante 50
fishman2014 posts ante 50
sabre_laser posts ante 50
Arealith posts ante 50
L4B3LVi3 posts ante 50
2pacalypse25 posts ante 50
MAPG4 posts ante 50
SimCP posts ante 50
TibenLH posts small blind 200
fishman2014 posts big blind 400
Dealt to sabre_laser [5c 8h]
*** PRE-FLOP *** 
2pacalypse25 folds
MAPG4 folds
SimCP folds
sabre_laser folds
Arealith folds
L4B3LVi3 folds
TibenLH raises 400 to 800
fishman2014 folds
TibenLH collected 1600 from pot
*** SUMMARY ***
Total pot 1600 | No rake
Seat 6: TibenLH (small blind) won 1600


Winamax Poker - Tournament "Double or Nothing" buyIn: 0,46€ + 0,04€ level: 9 - HandId: #555099496233566209-30-1441128823 - Holdem no limit (50/200/400) - 2015/09/01 17:33:43 UTC
Table: 'Double or Nothing(129244173)#0' 10-max (real money) Seat #6 is the button
Seat 1: sabre_laser (1830)
Seat 3: Arealith (2480)
Seat 4: L4B3LVi3 (3030)
Seat 6: TibenLH (1865)
Seat 7: fishman2014 (2300)
Seat 8: 2pacalypse25 (980)
Seat 9: MAPG4 (2385)
Seat 10: SimCP (130)
*** ANTE/BLINDS ***
fishman2014 posts ante 50
2pacalypse25 posts ante 50
sabre_laser posts ante 50
Arealith posts ante 50
L4B3LVi3 posts ante 50
TibenLH posts ante 50
MAPG4 posts ante 50
SimCP posts ante 50
fishman2014 posts small blind 200
2pacalypse25 posts big blind 400
Dealt to sabre_laser [5d 8c]
*** PRE-FLOP *** 
MAPG4 folds
SimCP calls 80 and is all-in
sabre_laser folds
Arealith folds
L4B3LVi3 raises 2580 to 2980 and is all-in
TibenLH folds
fishman2014 folds
2pacalypse25 folds
*** FLOP *** [Kd 4d 8d]
*** TURN *** [Kd 4d 8d][8s]
*** RIVER *** [Kd 4d 8d 8s][7d]
*** SHOW DOWN ***
SimCP shows [Ts 6s] (One pair : 8)
L4B3LVi3 shows [Qh As] (One pair : 8)
L4B3LVi3 collected 4060 from pot
*** SUMMARY ***
Total pot 4060 | No rake
Board: [Kd 4d 8d 8s 7d]
Seat 4: L4B3LVi3 showed [Qh As] and won 4060 with One pair : 8
Seat 10: SimCP showed [Ts 6s] and lost with One pair : 8


Winamax Poker - Tournament "Double or Nothing" buyIn: 0,46€ + 0,04€ level: 9 - HandId: #555099496233566209-31-1441128879 - Holdem no limit (50/200/400) - 2015/09/01 17:34:39 UTC
Table: 'Double or Nothing(129244173)#0' 10-max (real money) Seat #7 is the button
Seat 1: sabre_laser (1780)
Seat 3: Arealith (2430)
Seat 4: L4B3LVi3 (4060)
Seat 6: TibenLH (1815)
Seat 7: fishman2014 (2050)
Seat 8: 2pacalypse25 (530)
Seat 9: MAPG4 (2335)
*** ANTE/BLINDS ***
2pacalypse25 posts ante 50
MAPG4 posts ante 50
sabre_laser posts ante 50
Arealith posts ante 50
L4B3LVi3 posts ante 50
TibenLH posts ante 50
fishman2014 posts ante 50
2pacalypse25 posts small blind 200
MAPG4 posts big blind 400
Dealt to sabre_laser [7h 7c]
*** PRE-FLOP *** 
sabre_laser raises 1330 to 1730 and is all-in
Arealith folds
L4B3LVi3 folds
TibenLH folds
fishman2014 folds
2pacalypse25 calls 280 and is all-in
MAPG4 folds
*** FLOP *** [Qd 5c 8h]
*** TURN *** [Qd 5c 8h][5s]
*** RIVER *** [Qd 5c 8h 5s][4d]
*** SHOW DOWN ***
2pacalypse25 shows [3h Kh] (One pair : 5)
sabre_laser shows [7h 7c] (Two pairs : 7 and 5)
sabre_laser collected 2960 from pot
*** SUMMARY ***
Total pot 2960 | No rake
Board: [Qd 5c 8h 5s 4d]
Seat 1: sabre_laser showed [7h 7c] and won 2960 with Two pairs : 7 and 5
Seat 8: 2pacalypse25 (small blind) showed [3h Kh] and lost with One pair : 5


Winamax Poker - Tournament "Double or Nothing" buyIn: 0,46€ + 0,04€ level: 10 - HandId: #555099496233566209-32-1441128918 - Holdem no limit (75/300/600) - 2015/09/01 17:35:18 UTC
Table: 'Double or Nothing(129244173)#0' 10-max (real money) Seat #8 is the button
Seat 1: sabre_laser (2960)
Seat 3: Arealith (2380)
Seat 4: L4B3LVi3 (4010)
Seat 6: TibenLH (1765)
Seat 7: fishman2014 (2000)
Seat 9: MAPG4 (1885)
*** ANTE/BLINDS ***
MAPG4 posts ante 75
sabre_laser posts ante 75
Arealith posts ante 75
L4B3LVi3 posts ante 75
TibenLH posts ante 75
fishman2014 posts ante 75
MAPG4 posts small blind 300
sabre_laser posts big blind 600
Dealt to sabre_laser [9c Ac]
*** PRE-FLOP *** 
Arealith raises 600 to 1200
L4B3LVi3 folds
TibenLH folds
fishman2014 folds
MAPG4 folds
sabre_laser calls 600
*** FLOP *** [2c 8d Qd]
sabre_laser checks
Arealith bets 600
sabre_laser folds
Arealith collected 3750 from pot
*** SUMMARY ***
Total pot 3750 | No rake
Board: [2c 8d Qd]
Seat 3: Arealith won 3750


Winamax Poker - Tournament "Double or Nothing" buyIn: 0,46€ + 0,04€ level: 10 - HandId: #555099496233566209-33-1441128956 - Holdem no limit (75/300/600) - 2015/09/01 17:35:56 UTC
Table: 'Double or Nothing(129244173)#0' 10-max (real money) Seat #9 is the button
Seat 1: sabre_laser (1685)
Seat 3: Arealith (4255)
Seat 4: L4B3LVi3 (3935)
Seat 6: TibenLH (1690)
Seat 7: fishman2014 (1925)
Seat 9: MAPG4 (1510)
*** ANTE/BLINDS ***
sabre_laser posts ante 75
Arealith posts ante 75
L4B3LVi3 posts ante 75
TibenLH posts ante 75
fishman2014 posts ante 75
MAPG4 posts ante 75
sabre_laser posts small blind 300
Arealith posts big blind 600
Dealt to sabre_laser [6s Ks]
*** PRE-FLOP *** 
L4B3LVi3 folds
TibenLH folds
fishman2014 folds
MAPG4 raises 835 to 1435 and is all-in
sabre_laser folds
Arealith folds
MAPG4 collected 2785 from pot
*** SUMMARY ***
Total pot 2785 | No rake
Seat 9: MAPG4 (button) won 2785


Winamax Poker - Tournament "Double or Nothing" buyIn: 0,46€ + 0,04€ level: 10 - HandId: #555099496233566209-34-1441128979 - Holdem no limit (75/300/600) - 2015/09/01 17:36:19 UTC
Table: 'Double or Nothing(129244173)#0' 10-max (real money) Seat #1 is the button
Seat 1: sabre_laser (1310)
Seat 3: Arealith (3580)
Seat 4: L4B3LVi3 (3860)
Seat 6: TibenLH (1615)
Seat 7: fishman2014 (1850)
Seat 9: MAPG4 (2785)
*** ANTE/BLINDS ***
Arealith posts ante 75
L4B3LVi3 posts ante 75
sabre_laser posts ante 75
TibenLH posts ante 75
fishman2014 posts ante 75
MAPG4 posts ante 75
Arealith posts small blind 300
L4B3LVi3 posts big blind 600
Dealt to sabre_laser [4h 6h]
*** PRE-FLOP *** 
TibenLH raises 940 to 1540 and is all-in
fishman2014 calls 1540
MAPG4 folds
sabre_laser folds
Arealith folds
L4B3LVi3 folds
*** FLOP *** [6c 9s 9c]
*** TURN *** [6c 9s 9c][7s]
*** RIVER *** [6c 9s 9c 7s][2s]
*** SHOW DOWN ***
TibenLH shows [Jc Qc] (One pair : 9)
fishman2014 shows [Td Tc] (Two pairs : Tens and 9)
fishman2014 collected 4430 from pot
*** SUMMARY ***
Total pot 4430 | No rake
Board: [6c 9s 9c 7s 2s]
Seat 6: TibenLH showed [Jc Qc] and lost with One pair : 9
Seat 7: fishman2014 showed [Td Tc] and won 4430 with Two pairs : Tens and 9


