Winamax Poker - Tournament "Double or Nothing" buyIn: 0,46€ + 0,04€ level: 0 - HandId: #540695030621274113-1-1438030360 - Holdem no limit (10/20) - 2015/07/27 20:52:40 UTC
Table: 'Double or Nothing(125890372)#0' 10-max (real money) Seat #9 is the button
Seat 1: Crisssis (1500)
Seat 2: sylvignooo (1500)
Seat 3: capitaine56 (1500)
Seat 4: mafalex (1500)
Seat 5: Lolo151 (1500)
Seat 6: Angel4Life (1500)
Seat 7: sabre_laser (1500)
Seat 8: oukahou (1500)
Seat 9: AAFlo777 (1500)
Seat 10: Tamata40 (1500)
*** ANTE/BLINDS ***
Tamata40 posts small blind 10
Crisssis posts big blind 20
Dealt to sabre_laser [3d 5s]
*** PRE-FLOP *** 
sylvignooo folds
capitaine56 folds
mafalex calls 20
Lolo151 folds
Angel4Life calls 20
sabre_laser folds
oukahou calls 20
AAFlo777 calls 20
Tamata40 folds
Crisssis checks
*** FLOP *** [Ks 6s 6c]
Crisssis checks
mafalex checks
Angel4Life bets 110
oukahou folds
AAFlo777 folds
Crisssis folds
mafalex folds
Angel4Life collected 220 from pot
*** SUMMARY ***
Total pot 220 | No rake
Board: [Ks 6s 6c]
Seat 6: Angel4Life won 220


Winamax Poker - Tournament "Double or Nothing" buyIn: 0,46€ + 0,04€ level: 0 - HandId: #540695030621274113-2-1438030438 - Holdem no limit (10/20) - 2015/07/27 20:53:58 UTC
Table: 'Double or Nothing(125890372)#0' 10-max (real money) Seat #10 is the button
Seat 1: Crisssis (1480)
Seat 2: sylvignooo (1500)
Seat 3: capitaine56 (1500)
Seat 4: mafalex (1480)
Seat 5: Lolo151 (1500)
Seat 6: Angel4Life (1590)
Seat 7: sabre_laser (1500)
Seat 8: oukahou (1480)
Seat 9: AAFlo777 (1480)
Seat 10: Tamata40 (1490)
*** ANTE/BLINDS ***
Crisssis posts small blind 10
sylvignooo posts big blind 20
Dealt to sabre_laser [5s 8s]
*** PRE-FLOP *** 
capitaine56 folds
mafalex folds
Lolo151 folds
Angel4Life folds
sabre_laser folds
oukahou folds
AAFlo777 folds
Tamata40 folds
Crisssis folds
sylvignooo collected 30 from pot
*** SUMMARY ***
Total pot 30 | No rake
Seat 2: sylvignooo (big blind) won 30


Winamax Poker - Tournament "Double or Nothing" buyIn: 0,46€ + 0,04€ level: 0 - HandId: #540695030621274113-3-1438030473 - Holdem no limit (10/20) - 2015/07/27 20:54:33 UTC
Table: 'Double or Nothing(125890372)#0' 10-max (real money) Seat #1 is the button
Seat 1: Crisssis (1470)
Seat 2: sylvignooo (1510)
Seat 3: capitaine56 (1500)
Seat 4: mafalex (1480)
Seat 5: Lolo151 (1500)
Seat 6: Angel4Life (1590)
Seat 7: sabre_laser (1500)
Seat 8: oukahou (1480)
Seat 9: AAFlo777 (1480)
Seat 10: Tamata40 (1490)
*** ANTE/BLINDS ***
sylvignooo posts small blind 10
capitaine56 posts big blind 20
Dealt to sabre_laser [Jd 6d]
*** PRE-FLOP *** 
mafalex folds
Lolo151 folds
Angel4Life folds
sabre_laser folds
oukahou raises 60 to 80
AAFlo777 folds
Tamata40 folds
Crisssis folds
sylvignooo calls 70
capitaine56 calls 60
*** FLOP *** [Jh 7d 6c]
sylvignooo checks
capitaine56 checks
oukahou bets 240
sylvignooo folds
capitaine56 folds
oukahou collected 480 from pot
*** SUMMARY ***
Total pot 480 | No rake
Board: [Jh 7d 6c]
Seat 8: oukahou won 480


Winamax Poker - Tournament "Double or Nothing" buyIn: 0,46€ + 0,04€ level: 0 - HandId: #540695030621274113-4-1438030567 - Holdem no limit (10/20) - 2015/07/27 20:56:07 UTC
Table: 'Double or Nothing(125890372)#0' 10-max (real money) Seat #2 is the button
Seat 1: Crisssis (1470)
Seat 2: sylvignooo (1430)
Seat 3: capitaine56 (1420)
Seat 4: mafalex (1480)
Seat 5: Lolo151 (1500)
Seat 6: Angel4Life (1590)
Seat 7: sabre_laser (1500)
Seat 8: oukahou (1640)
Seat 9: AAFlo777 (1480)
Seat 10: Tamata40 (1490)
*** ANTE/BLINDS ***
capitaine56 posts small blind 10
mafalex posts big blind 20
Dealt to sabre_laser [Qs 9h]
*** PRE-FLOP *** 
Lolo151 folds
Angel4Life calls 20
sabre_laser raises 60 to 80
oukahou folds
AAFlo777 folds
Tamata40 folds
Crisssis folds
sylvignooo folds
capitaine56 calls 70
mafalex folds
Angel4Life calls 60
*** FLOP *** [7h Qd Td]
capitaine56 checks
Angel4Life checks
sabre_laser bets 80
capitaine56 calls 80
Angel4Life folds
*** TURN *** [7h Qd Td][3c]
capitaine56 checks
sabre_laser bets 190
capitaine56 calls 190
*** RIVER *** [7h Qd Td 3c][8d]
capitaine56 checks
sabre_laser checks
*** SHOW DOWN ***
capitaine56 shows [Th Ad] (One pair : Tens)
sabre_laser shows [Qs 9h] (One pair : Queens)
sabre_laser collected 800 from pot
*** SUMMARY ***
Total pot 800 | No rake
Board: [7h Qd Td 3c 8d]
Seat 3: capitaine56 (small blind) showed [Th Ad] and lost with One pair : Tens
Seat 7: sabre_laser showed [Qs 9h] and won 800 with One pair : Queens


Winamax Poker - Tournament "Double or Nothing" buyIn: 0,46€ + 0,04€ level: 0 - HandId: #540695030621274113-5-1438030690 - Holdem no limit (10/20) - 2015/07/27 20:58:10 UTC
Table: 'Double or Nothing(125890372)#0' 10-max (real money) Seat #3 is the button
Seat 1: Crisssis (1470)
Seat 2: sylvignooo (1430)
Seat 3: capitaine56 (1070)
Seat 4: mafalex (1460)
Seat 5: Lolo151 (1500)
Seat 6: Angel4Life (1510)
Seat 7: sabre_laser (1950)
Seat 8: oukahou (1640)
Seat 9: AAFlo777 (1480)
Seat 10: Tamata40 (1490)
*** ANTE/BLINDS ***
mafalex posts small blind 10
Lolo151 posts big blind 20
Dealt to sabre_laser [7h 9c]
*** PRE-FLOP *** 
Angel4Life folds
sabre_laser folds
oukahou folds
AAFlo777 folds
Tamata40 folds
Crisssis folds
sylvignooo folds
capitaine56 folds
mafalex folds
Lolo151 collected 30 from pot
*** SUMMARY ***
Total pot 30 | No rake
Seat 5: Lolo151 (big blind) won 30


Winamax Poker - Tournament "Double or Nothing" buyIn: 0,46€ + 0,04€ level: 1 - HandId: #540695030621274113-6-1438030738 - Holdem no limit (15/30) - 2015/07/27 20:58:58 UTC
Table: 'Double or Nothing(125890372)#0' 10-max (real money) Seat #4 is the button
Seat 1: Crisssis (1470)
Seat 2: sylvignooo (1430)
Seat 3: capitaine56 (1070)
Seat 4: mafalex (1450)
Seat 5: Lolo151 (1510)
Seat 6: Angel4Life (1510)
Seat 7: sabre_laser (1950)
Seat 8: oukahou (1640)
Seat 9: AAFlo777 (1480)
Seat 10: Tamata40 (1490)
*** ANTE/BLINDS ***
Lolo151 posts small blind 15
Angel4Life posts big blind 30
Dealt to sabre_laser [3c 5h]
*** PRE-FLOP *** 
sabre_laser folds
oukahou folds
AAFlo777 folds
Tamata40 folds
Crisssis folds
sylvignooo folds
capitaine56 calls 30
mafalex raises 105 to 135
Lolo151 folds
Angel4Life calls 105
capitaine56 calls 105
*** FLOP *** [6c 2d 3s]
Angel4Life checks
capitaine56 checks
mafalex bets 420
Angel4Life folds
capitaine56 folds
mafalex collected 840 from pot
*** SUMMARY ***
Total pot 840 | No rake
Board: [6c 2d 3s]
Seat 4: mafalex (button) won 840


Winamax Poker - Tournament "Double or Nothing" buyIn: 0,46€ + 0,04€ level: 1 - HandId: #540695030621274113-7-1438030823 - Holdem no limit (15/30) - 2015/07/27 21:00:23 UTC
Table: 'Double or Nothing(125890372)#0' 10-max (real money) Seat #5 is the button
Seat 1: Crisssis (1470)
Seat 2: sylvignooo (1430)
Seat 3: capitaine56 (935)
Seat 4: mafalex (1735)
Seat 5: Lolo151 (1495)
Seat 6: Angel4Life (1375)
Seat 7: sabre_laser (1950)
Seat 8: oukahou (1640)
Seat 9: AAFlo777 (1480)
Seat 10: Tamata40 (1490)
*** ANTE/BLINDS ***
Angel4Life posts small blind 15
sabre_laser posts big blind 30
Dealt to sabre_laser [3h 2c]
*** PRE-FLOP *** 
oukahou folds
AAFlo777 folds
Tamata40 folds
Crisssis folds
sylvignooo folds
capitaine56 folds
mafalex folds
Lolo151 folds
Angel4Life folds
sabre_laser collected 45 from pot
*** SUMMARY ***
Total pot 45 | No rake
Seat 7: sabre_laser (big blind) won 45


Winamax Poker - Tournament "Double or Nothing" buyIn: 0,46€ + 0,04€ level: 1 - HandId: #540695030621274113-8-1438030865 - Holdem no limit (15/30) - 2015/07/27 21:01:05 UTC
Table: 'Double or Nothing(125890372)#0' 10-max (real money) Seat #6 is the button
Seat 1: Crisssis (1470)
Seat 2: sylvignooo (1430)
Seat 3: capitaine56 (935)
Seat 4: mafalex (1735)
Seat 5: Lolo151 (1495)
Seat 6: Angel4Life (1360)
Seat 7: sabre_laser (1965)
Seat 8: oukahou (1640)
Seat 9: AAFlo777 (1480)
Seat 10: Tamata40 (1490)
*** ANTE/BLINDS ***
sabre_laser posts small blind 15
oukahou posts big blind 30
Dealt to sabre_laser [Qh 9h]
*** PRE-FLOP *** 
AAFlo777 folds
Tamata40 folds
Crisssis folds
sylvignooo calls 30
capitaine56 folds
mafalex folds
Lolo151 folds
Angel4Life folds
sabre_laser calls 15
oukahou checks
*** FLOP *** [Kc Ks 8h]
sabre_laser bets 45
oukahou folds
sylvignooo calls 45
*** TURN *** [Kc Ks 8h][As]
sabre_laser checks
sylvignooo bets 30
sabre_laser folds
sylvignooo collected 210 from pot
*** SUMMARY ***
Total pot 210 | No rake
Board: [Kc Ks 8h As]
Seat 2: sylvignooo won 210


Winamax Poker - Tournament "Double or Nothing" buyIn: 0,46€ + 0,04€ level: 1 - HandId: #540695030621274113-9-1438030980 - Holdem no limit (15/30) - 2015/07/27 21:03:00 UTC
Table: 'Double or Nothing(125890372)#0' 10-max (real money) Seat #7 is the button
Seat 1: Crisssis (1470)
Seat 2: sylvignooo (1535)
Seat 3: capitaine56 (935)
Seat 4: mafalex (1735)
Seat 5: Lolo151 (1495)
Seat 6: Angel4Life (1360)
Seat 7: sabre_laser (1890)
Seat 8: oukahou (1610)
Seat 9: AAFlo777 (1480)
Seat 10: Tamata40 (1490)
*** ANTE/BLINDS ***
oukahou posts small blind 15
AAFlo777 posts big blind 30
Dealt to sabre_laser [Tc 6h]
*** PRE-FLOP *** 
Tamata40 folds
Crisssis folds
sylvignooo folds
capitaine56 folds
mafalex raises 90 to 120
Lolo151 folds
Angel4Life calls 120
sabre_laser folds
oukahou folds
AAFlo777 folds
*** FLOP *** [2d Qd Kd]
mafalex checks
Angel4Life checks
*** TURN *** [2d Qd Kd][9c]
mafalex checks
Angel4Life checks
*** RIVER *** [2d Qd Kd 9c][8d]
mafalex checks
Angel4Life bets 1240 and is all-in
mafalex folds
Angel4Life collected 1525 from pot
*** SUMMARY ***
Total pot 1525 | No rake
Board: [2d Qd Kd 9c 8d]
Seat 6: Angel4Life won 1525


Winamax Poker - Tournament "Double or Nothing" buyIn: 0,46€ + 0,04€ level: 1 - HandId: #540695030621274113-10-1438031044 - Holdem no limit (15/30) - 2015/07/27 21:04:04 UTC
Table: 'Double or Nothing(125890372)#0' 10-max (real money) Seat #8 is the button
Seat 1: Crisssis (1470)
Seat 2: sylvignooo (1535)
Seat 3: capitaine56 (935)
Seat 4: mafalex (1615)
Seat 5: Lolo151 (1495)
Seat 6: Angel4Life (1525)
Seat 7: sabre_laser (1890)
Seat 8: oukahou (1595)
Seat 9: AAFlo777 (1450)
Seat 10: Tamata40 (1490)
*** ANTE/BLINDS ***
AAFlo777 posts small blind 15
Tamata40 posts big blind 30
Dealt to sabre_laser [Ts 5h]
*** PRE-FLOP *** 
Crisssis folds
sylvignooo folds
capitaine56 folds
mafalex folds
Lolo151 folds
Angel4Life folds
sabre_laser folds
oukahou folds
AAFlo777 folds
Tamata40 collected 45 from pot
*** SUMMARY ***
Total pot 45 | No rake
Seat 10: Tamata40 (big blind) won 45


Winamax Poker - Tournament "Double or Nothing" buyIn: 0,46€ + 0,04€ level: 1 - HandId: #540695030621274113-11-1438031069 - Holdem no limit (15/30) - 2015/07/27 21:04:29 UTC
Table: 'Double or Nothing(125890372)#0' 10-max (real money) Seat #9 is the button
Seat 1: Crisssis (1470)
Seat 2: sylvignooo (1535)
Seat 3: capitaine56 (935)
Seat 4: mafalex (1615)
Seat 5: Lolo151 (1495)
Seat 6: Angel4Life (1525)
Seat 7: sabre_laser (1890)
Seat 8: oukahou (1595)
Seat 9: AAFlo777 (1435)
Seat 10: Tamata40 (1505)
*** ANTE/BLINDS ***
Tamata40 posts small blind 15
Crisssis posts big blind 30
Dealt to sabre_laser [4s 3c]
*** PRE-FLOP *** 
sylvignooo calls 30
capitaine56 folds
mafalex raises 105 to 135
Lolo151 folds
Angel4Life folds
sabre_laser folds
oukahou folds
AAFlo777 folds
Tamata40 folds
Crisssis folds
sylvignooo calls 105
*** FLOP *** [3d 6h Qc]
sylvignooo checks
mafalex checks
*** TURN *** [3d 6h Qc][8c]
sylvignooo checks
mafalex bets 30
sylvignooo calls 30
*** RIVER *** [3d 6h Qc 8c][2d]
sylvignooo checks
mafalex bets 188
sylvignooo calls 188
*** SHOW DOWN ***
sylvignooo shows [Ah Jc] (High card : Ace)
mafalex shows [Qh Qd] (Trips of Queens)
mafalex collected 751 from pot
*** SUMMARY ***
Total pot 751 | No rake
Board: [3d 6h Qc 8c 2d]
Seat 2: sylvignooo showed [Ah Jc] and lost with High card : Ace
Seat 4: mafalex showed [Qh Qd] and won 751 with Trips of Queens


Winamax Poker - Tournament "Double or Nothing" buyIn: 0,46€ + 0,04€ level: 2 - HandId: #540695030621274113-12-1438031150 - Holdem no limit (20/40) - 2015/07/27 21:05:50 UTC
Table: 'Double or Nothing(125890372)#0' 10-max (real money) Seat #10 is the button
Seat 1: Crisssis (1440)
Seat 2: sylvignooo (1182)
Seat 3: capitaine56 (935)
Seat 4: mafalex (2013)
Seat 5: Lolo151 (1495)
Seat 6: Angel4Life (1525)
Seat 7: sabre_laser (1890)
Seat 8: oukahou (1595)
Seat 9: AAFlo777 (1435)
Seat 10: Tamata40 (1490)
*** ANTE/BLINDS ***
Crisssis posts small blind 20
sylvignooo posts big blind 40
Dealt to sabre_laser [Js 5s]
*** PRE-FLOP *** 
capitaine56 raises 80 to 120
mafalex folds
Lolo151 folds
Angel4Life folds
sabre_laser folds
oukahou folds
AAFlo777 folds
Tamata40 folds
Crisssis folds
sylvignooo folds
capitaine56 collected 180 from pot
*** SUMMARY ***
Total pot 180 | No rake
Seat 3: capitaine56 won 180


Winamax Poker - Tournament "Double or Nothing" buyIn: 0,46€ + 0,04€ level: 2 - HandId: #540695030621274113-13-1438031250 - Holdem no limit (20/40) - 2015/07/27 21:07:30 UTC
Table: 'Double or Nothing(125890372)#0' 10-max (real money) Seat #1 is the button
Seat 1: Crisssis (1420)
Seat 2: sylvignooo (1142)
Seat 3: capitaine56 (995)
Seat 4: mafalex (2013)
Seat 5: Lolo151 (1495)
Seat 6: Angel4Life (1525)
Seat 7: sabre_laser (1890)
Seat 8: oukahou (1595)
Seat 9: AAFlo777 (1435)
Seat 10: Tamata40 (1490)
*** ANTE/BLINDS ***
sylvignooo posts small blind 20
capitaine56 posts big blind 40
Dealt to sabre_laser [Th 4d]
*** PRE-FLOP *** 
mafalex calls 40
Lolo151 folds
Angel4Life folds
sabre_laser folds
oukahou folds
AAFlo777 folds
Tamata40 folds
Crisssis folds
sylvignooo folds
capitaine56 checks
*** FLOP *** [2h 5s Ts]
capitaine56 checks
mafalex checks
*** TURN *** [2h 5s Ts][Qc]
capitaine56 checks
mafalex checks
*** RIVER *** [2h 5s Ts Qc][Qs]
capitaine56 bets 75
mafalex calls 75
*** SHOW DOWN ***
mafalex shows [9h 9c] (Two pairs : Queens and 9)
capitaine56 shows [3s Js] (Flush Queen high)
capitaine56 collected 250 from pot
*** SUMMARY ***
Total pot 250 | No rake
Board: [2h 5s Ts Qc Qs]
Seat 3: capitaine56 (big blind) showed [3s Js] and won 250 with Flush Queen high
Seat 4: mafalex showed [9h 9c] and lost with Two pairs : Queens and 9


Winamax Poker - Tournament "Double or Nothing" buyIn: 0,46€ + 0,04€ level: 2 - HandId: #540695030621274113-14-1438031301 - Holdem no limit (20/40) - 2015/07/27 21:08:21 UTC
Table: 'Double or Nothing(125890372)#0' 10-max (real money) Seat #2 is the button
Seat 1: Crisssis (1420)
Seat 2: sylvignooo (1122)
Seat 3: capitaine56 (1130)
Seat 4: mafalex (1898)
Seat 5: Lolo151 (1495)
Seat 6: Angel4Life (1525)
Seat 7: sabre_laser (1890)
Seat 8: oukahou (1595)
Seat 9: AAFlo777 (1435)
Seat 10: Tamata40 (1490)
*** ANTE/BLINDS ***
capitaine56 posts small blind 20
mafalex posts big blind 40
Dealt to sabre_laser [Ah 4h]
*** PRE-FLOP *** 
Lolo151 folds
Angel4Life folds
sabre_laser raises 120 to 160
oukahou folds
AAFlo777 folds
Tamata40 folds
Crisssis folds
sylvignooo folds
capitaine56 folds
mafalex folds
sabre_laser collected 220 from pot
*** SUMMARY ***
Total pot 220 | No rake
Seat 7: sabre_laser won 220


Winamax Poker - Tournament "Double or Nothing" buyIn: 0,46€ + 0,04€ level: 2 - HandId: #540695030621274113-15-1438031371 - Holdem no limit (20/40) - 2015/07/27 21:09:31 UTC
Table: 'Double or Nothing(125890372)#0' 10-max (real money) Seat #3 is the button
Seat 1: Crisssis (1420)
Seat 2: sylvignooo (1122)
Seat 3: capitaine56 (1110)
Seat 4: mafalex (1858)
Seat 5: Lolo151 (1495)
Seat 6: Angel4Life (1525)
Seat 7: sabre_laser (1950)
Seat 8: oukahou (1595)
Seat 9: AAFlo777 (1435)
Seat 10: Tamata40 (1490)
*** ANTE/BLINDS ***
mafalex posts small blind 20
Lolo151 posts big blind 40
Dealt to sabre_laser [Qc 3c]
*** PRE-FLOP *** 
Angel4Life folds
sabre_laser folds
oukahou folds
AAFlo777 folds
Tamata40 folds
Crisssis folds
sylvignooo folds
capitaine56 folds
mafalex folds
Lolo151 collected 60 from pot
*** SUMMARY ***
Total pot 60 | No rake
Seat 5: Lolo151 (big blind) won 60


Winamax Poker - Tournament "Double or Nothing" buyIn: 0,46€ + 0,04€ level: 2 - HandId: #540695030621274113-16-1438031413 - Holdem no limit (20/40) - 2015/07/27 21:10:13 UTC
Table: 'Double or Nothing(125890372)#0' 10-max (real money) Seat #4 is the button
Seat 1: Crisssis (1420)
Seat 2: sylvignooo (1122)
Seat 3: capitaine56 (1110)
Seat 4: mafalex (1838)
Seat 5: Lolo151 (1515)
Seat 6: Angel4Life (1525)
Seat 7: sabre_laser (1950)
Seat 8: oukahou (1595)
Seat 9: AAFlo777 (1435)
Seat 10: Tamata40 (1490)
*** ANTE/BLINDS ***
Lolo151 posts small blind 20
Angel4Life posts big blind 40
Dealt to sabre_laser [7c 6h]
*** PRE-FLOP *** 
sabre_laser folds
oukahou folds
AAFlo777 folds
Tamata40 folds
Crisssis folds
sylvignooo folds
capitaine56 folds
mafalex folds
Lolo151 folds
Angel4Life collected 60 from pot
*** SUMMARY ***
Total pot 60 | No rake
Seat 6: Angel4Life (big blind) won 60


Winamax Poker - Tournament "Double or Nothing" buyIn: 0,46€ + 0,04€ level: 3 - HandId: #540695030621274113-17-1438031491 - Holdem no limit (30/60) - 2015/07/27 21:11:31 UTC
Table: 'Double or Nothing(125890372)#0' 10-max (real money) Seat #5 is the button
Seat 1: Crisssis (1420)
Seat 2: sylvignooo (1122)
Seat 3: capitaine56 (1110)
Seat 4: mafalex (1838)
Seat 5: Lolo151 (1495)
Seat 6: Angel4Life (1545)
Seat 7: sabre_laser (1950)
Seat 8: oukahou (1595)
Seat 9: AAFlo777 (1435)
Seat 10: Tamata40 (1490)
*** ANTE/BLINDS ***
Angel4Life posts small blind 30
sabre_laser posts big blind 60
Dealt to sabre_laser [Ah 3d]
*** PRE-FLOP *** 
oukahou folds
AAFlo777 folds
Tamata40 folds
Crisssis folds
sylvignooo calls 60
capitaine56 folds
mafalex calls 60
Lolo151 folds
Angel4Life calls 30
sabre_laser checks
*** FLOP *** [Js 3s 3c]
Angel4Life bets 60
sabre_laser raises 90 to 150
sylvignooo raises 912 to 1062 and is all-in
mafalex folds
Angel4Life calls 1002
sabre_laser calls 912
*** TURN *** [Js 3s 3c][7c]
Angel4Life checks
sabre_laser bets 828 and is all-in
Angel4Life calls 423 and is all-in
*** RIVER *** [Js 3s 3c 7c][5c]
*** SHOW DOWN ***
sylvignooo shows [Jh Kh] (Two pairs : Jacks and 3)
Angel4Life shows [As Jc] (Two pairs : Jacks and 3)
sabre_laser shows [Ah 3d] (Trips of 3)
sabre_laser collected 4677 from pot
*** SUMMARY ***
Total pot 4677 | No rake
Board: [Js 3s 3c 7c 5c]
Seat 2: sylvignooo showed [Jh Kh] and lost with Two pairs : Jacks and 3
Seat 6: Angel4Life (small blind) showed [As Jc] and lost with Two pairs : Jacks and 3
Seat 7: sabre_laser (big blind) showed [Ah 3d] and won 4677 with Trips of 3


Winamax Poker - Tournament "Double or Nothing" buyIn: 0,46€ + 0,04€ level: 3 - HandId: #540695030621274113-18-1438031592 - Holdem no limit (30/60) - 2015/07/27 21:13:12 UTC
Table: 'Double or Nothing(125890372)#0' 10-max (real money) Seat #6 is the button
Seat 1: Crisssis (1420)
Seat 3: capitaine56 (1110)
Seat 4: mafalex (1778)
Seat 5: Lolo151 (1495)
Seat 7: sabre_laser (4677)
Seat 8: oukahou (1595)
Seat 9: AAFlo777 (1435)
Seat 10: Tamata40 (1490)
*** ANTE/BLINDS ***
sabre_laser posts small blind 30
oukahou posts big blind 60
Dealt to sabre_laser [Th 4s]
*** PRE-FLOP *** 
AAFlo777 folds
Tamata40 folds
Crisssis folds
capitaine56 folds
mafalex folds
Lolo151 folds
sabre_laser calls 30
oukahou checks
*** FLOP *** [6c Td 7h]
sabre_laser bets 120
oukahou folds
sabre_laser collected 240 from pot
*** SUMMARY ***
Total pot 240 | No rake
Board: [6c Td 7h]
Seat 7: sabre_laser (small blind) won 240


Winamax Poker - Tournament "Double or Nothing" buyIn: 0,46€ + 0,04€ level: 3 - HandId: #540695030621274113-19-1438031643 - Holdem no limit (30/60) - 2015/07/27 21:14:03 UTC
Table: 'Double or Nothing(125890372)#0' 10-max (real money) Seat #7 is the button
Seat 1: Crisssis (1420)
Seat 3: capitaine56 (1110)
Seat 4: mafalex (1778)
Seat 5: Lolo151 (1495)
Seat 7: sabre_laser (4737)
Seat 8: oukahou (1535)
Seat 9: AAFlo777 (1435)
Seat 10: Tamata40 (1490)
*** ANTE/BLINDS ***
oukahou posts small blind 30
AAFlo777 posts big blind 60
Dealt to sabre_laser [4h 3d]
*** PRE-FLOP *** 
Tamata40 folds
Crisssis folds
capitaine56 folds
mafalex calls 60
Lolo151 raises 60 to 120
sabre_laser folds
oukahou folds
AAFlo777 folds
mafalex calls 60
*** FLOP *** [2s Kh 7d]
mafalex checks
Lolo151 bets 165
mafalex folds
Lolo151 collected 495 from pot
*** SUMMARY ***
Total pot 495 | No rake
Board: [2s Kh 7d]
Seat 5: Lolo151 won 495


Winamax Poker - Tournament "Double or Nothing" buyIn: 0,46€ + 0,04€ level: 3 - HandId: #540695030621274113-20-1438031699 - Holdem no limit (30/60) - 2015/07/27 21:14:59 UTC
Table: 'Double or Nothing(125890372)#0' 10-max (real money) Seat #8 is the button
Seat 1: Crisssis (1420)
Seat 3: capitaine56 (1110)
Seat 4: mafalex (1658)
Seat 5: Lolo151 (1705)
Seat 7: sabre_laser (4737)
Seat 8: oukahou (1505)
Seat 9: AAFlo777 (1375)
Seat 10: Tamata40 (1490)
*** ANTE/BLINDS ***
AAFlo777 posts small blind 30
Tamata40 posts big blind 60
Dealt to sabre_laser [7c 5d]
*** PRE-FLOP *** 
Crisssis folds
capitaine56 folds
mafalex folds
Lolo151 folds
sabre_laser folds
oukahou folds
AAFlo777 folds
Tamata40 collected 90 from pot
*** SUMMARY ***
Total pot 90 | No rake
Seat 10: Tamata40 (big blind) won 90


Winamax Poker - Tournament "Double or Nothing" buyIn: 0,46€ + 0,04€ level: 3 - HandId: #540695030621274113-21-1438031744 - Holdem no limit (30/60) - 2015/07/27 21:15:44 UTC
Table: 'Double or Nothing(125890372)#0' 10-max (real money) Seat #9 is the button
Seat 1: Crisssis (1420)
Seat 3: capitaine56 (1110)
Seat 4: mafalex (1658)
Seat 5: Lolo151 (1705)
Seat 7: sabre_laser (4737)
Seat 8: oukahou (1505)
Seat 9: AAFlo777 (1345)
Seat 10: Tamata40 (1520)
*** ANTE/BLINDS ***
Tamata40 posts small blind 30
Crisssis posts big blind 60
Dealt to sabre_laser [7d 2h]
*** PRE-FLOP *** 
capitaine56 folds
mafalex folds
Lolo151 folds
sabre_laser folds
oukahou folds
AAFlo777 folds
Tamata40 raises 120 to 180
Crisssis calls 120
*** FLOP *** [7s 8h 9h]
Tamata40 bets 270
Crisssis folds
Tamata40 collected 630 from pot
*** SUMMARY ***
Total pot 630 | No rake
Board: [7s 8h 9h]
Seat 10: Tamata40 (small blind) won 630


Winamax Poker - Tournament "Double or Nothing" buyIn: 0,46€ + 0,04€ level: 4 - HandId: #540695030621274113-22-1438031806 - Holdem no limit (40/80) - 2015/07/27 21:16:46 UTC
Table: 'Double or Nothing(125890372)#0' 10-max (real money) Seat #10 is the button
Seat 1: Crisssis (1240)
Seat 3: capitaine56 (1110)
Seat 4: mafalex (1658)
Seat 5: Lolo151 (1705)
Seat 7: sabre_laser (4737)
Seat 8: oukahou (1505)
Seat 9: AAFlo777 (1345)
Seat 10: Tamata40 (1700)
*** ANTE/BLINDS ***
Crisssis posts small blind 40
capitaine56 posts big blind 80
Dealt to sabre_laser [8h 6s]
*** PRE-FLOP *** 
mafalex folds
Lolo151 folds
sabre_laser folds
oukahou folds
AAFlo777 folds
Tamata40 folds
Crisssis raises 120 to 200
capitaine56 raises 910 to 1110 and is all-in
Crisssis calls 910
*** FLOP *** [9h 3s Ad]
*** TURN *** [9h 3s Ad][Qh]
*** RIVER *** [9h 3s Ad Qh][Qd]
*** SHOW DOWN ***
capitaine56 shows [6h 8d] (One pair : Queens)
Crisssis shows [As 8c] (Two pairs : Aces and Queens)
Crisssis collected 2220 from pot
*** SUMMARY ***
Total pot 2220 | No rake
Board: [9h 3s Ad Qh Qd]
Seat 1: Crisssis (small blind) showed [As 8c] and won 2220 with Two pairs : Aces and Queens
Seat 3: capitaine56 (big blind) showed [6h 8d] and lost with One pair : Queens


Winamax Poker - Tournament "Double or Nothing" buyIn: 0,46€ + 0,04€ level: 4 - HandId: #540695030621274113-23-1438031887 - Holdem no limit (40/80) - 2015/07/27 21:18:07 UTC
Table: 'Double or Nothing(125890372)#0' 10-max (real money) Seat #1 is the button
Seat 1: Crisssis (2350)
Seat 4: mafalex (1658)
Seat 5: Lolo151 (1705)
Seat 7: sabre_laser (4737)
Seat 8: oukahou (1505)
Seat 9: AAFlo777 (1345)
Seat 10: Tamata40 (1700)
*** ANTE/BLINDS ***
mafalex posts big blind 80
Dealt to sabre_laser [7c 8c]
*** PRE-FLOP *** 
Lolo151 folds
sabre_laser folds
oukahou calls 80
AAFlo777 folds
Tamata40 folds
Crisssis folds
mafalex checks
*** FLOP *** [Qc 2d 4s]
mafalex checks
oukahou bets 160
mafalex folds
oukahou collected 320 from pot
*** SUMMARY ***
Total pot 320 | No rake
Board: [Qc 2d 4s]
Seat 8: oukahou won 320


Winamax Poker - Tournament "Double or Nothing" buyIn: 0,46€ + 0,04€ level: 4 - HandId: #540695030621274113-24-1438031932 - Holdem no limit (40/80) - 2015/07/27 21:18:52 UTC
Table: 'Double or Nothing(125890372)#0' 10-max (real money) Seat #3 is the button
Seat 1: Crisssis (2350)
Seat 4: mafalex (1578)
Seat 5: Lolo151 (1705)
Seat 7: sabre_laser (4737)
Seat 8: oukahou (1585)
Seat 9: AAFlo777 (1345)
Seat 10: Tamata40 (1700)
*** ANTE/BLINDS ***
mafalex posts small blind 40
Lolo151 posts big blind 80
Dealt to sabre_laser [3s 4c]
*** PRE-FLOP *** 
sabre_laser folds
oukahou folds
AAFlo777 folds
Tamata40 folds
Crisssis folds
mafalex folds
Lolo151 collected 120 from pot
*** SUMMARY ***
Total pot 120 | No rake
Seat 5: Lolo151 (big blind) won 120


Winamax Poker - Tournament "Double or Nothing" buyIn: 0,46€ + 0,04€ level: 4 - HandId: #540695030621274113-25-1438031958 - Holdem no limit (40/80) - 2015/07/27 21:19:18 UTC
Table: 'Double or Nothing(125890372)#0' 10-max (real money) Seat #4 is the button
Seat 1: Crisssis (2350)
Seat 4: mafalex (1538)
Seat 5: Lolo151 (1745)
Seat 7: sabre_laser (4737)
Seat 8: oukahou (1585)
Seat 9: AAFlo777 (1345)
Seat 10: Tamata40 (1700)
*** ANTE/BLINDS ***
Lolo151 posts small blind 40
sabre_laser posts big blind 80
Dealt to sabre_laser [Js 5c]
*** PRE-FLOP *** 
oukahou raises 160 to 240
AAFlo777 folds
Tamata40 folds
Crisssis folds
mafalex folds
Lolo151 folds
sabre_laser folds
oukahou collected 360 from pot
*** SUMMARY ***
Total pot 360 | No rake
Seat 8: oukahou won 360


Winamax Poker - Tournament "Double or Nothing" buyIn: 0,46€ + 0,04€ level: 4 - HandId: #540695030621274113-26-1438032000 - Holdem no limit (40/80) - 2015/07/27 21:20:00 UTC
Table: 'Double or Nothing(125890372)#0' 10-max (real money) Seat #5 is the button
Seat 1: Crisssis (2350)
Seat 4: mafalex (1538)
Seat 5: Lolo151 (1705)
Seat 7: sabre_laser (4657)
Seat 8: oukahou (1705)
Seat 9: AAFlo777 (1345)
Seat 10: Tamata40 (1700)
*** ANTE/BLINDS ***
sabre_laser posts small blind 40
oukahou posts big blind 80
Dealt to sabre_laser [9c Ad]
*** PRE-FLOP *** 
AAFlo777 folds
Tamata40 folds
Crisssis folds
mafalex calls 80
Lolo151 folds
sabre_laser calls 40
oukahou checks
*** FLOP *** [7h 3d 9d]
sabre_laser bets 480
oukahou folds
mafalex folds
sabre_laser collected 720 from pot
*** SUMMARY ***
Total pot 720 | No rake
Board: [7h 3d 9d]
Seat 7: sabre_laser (small blind) won 720


Winamax Poker - Tournament "Double or Nothing" buyIn: 0,46€ + 0,04€ level: 4 - HandId: #540695030621274113-27-1438032073 - Holdem no limit (40/80) - 2015/07/27 21:21:13 UTC
Table: 'Double or Nothing(125890372)#0' 10-max (real money) Seat #7 is the button
Seat 1: Crisssis (2350)
Seat 4: mafalex (1458)
Seat 5: Lolo151 (1705)
Seat 7: sabre_laser (4817)
Seat 8: oukahou (1625)
Seat 9: AAFlo777 (1345)
Seat 10: Tamata40 (1700)
*** ANTE/BLINDS ***
oukahou posts small blind 40
AAFlo777 posts big blind 80
Dealt to sabre_laser [Th 9d]
*** PRE-FLOP *** 
Tamata40 folds
Crisssis folds
mafalex folds
Lolo151 folds
sabre_laser calls 80
oukahou calls 40
AAFlo777 checks
*** FLOP *** [4h 7s 2c]
oukahou checks
AAFlo777 checks
sabre_laser checks
*** TURN *** [4h 7s 2c][8s]
oukahou bets 80
AAFlo777 folds
sabre_laser calls 80
*** RIVER *** [4h 7s 2c 8s][Ad]
oukahou checks
sabre_laser bets 320
oukahou folds
sabre_laser collected 720 from pot
*** SUMMARY ***
Total pot 720 | No rake
Board: [4h 7s 2c 8s Ad]
Seat 7: sabre_laser (button) won 720


Winamax Poker - Tournament "Double or Nothing" buyIn: 0,46€ + 0,04€ level: 4 - HandId: #540695030621274113-28-1438032153 - Holdem no limit (40/80) - 2015/07/27 21:22:33 UTC
Table: 'Double or Nothing(125890372)#0' 10-max (real money) Seat #8 is the button
Seat 1: Crisssis (2350)
Seat 4: mafalex (1458)
Seat 5: Lolo151 (1705)
Seat 7: sabre_laser (5057)
Seat 8: oukahou (1465)
Seat 9: AAFlo777 (1265)
Seat 10: Tamata40 (1700)
*** ANTE/BLINDS ***
AAFlo777 posts small blind 40
Tamata40 posts big blind 80
Dealt to sabre_laser [2c Qs]
*** PRE-FLOP *** 
Crisssis folds
mafalex folds
Lolo151 folds
sabre_laser folds
oukahou folds
AAFlo777 folds
Tamata40 collected 120 from pot
*** SUMMARY ***
Total pot 120 | No rake
Seat 10: Tamata40 (big blind) won 120


Winamax Poker - Tournament "Double or Nothing" buyIn: 0,46€ + 0,04€ level: 5 - HandId: #540695030621274113-29-1438032174 - Holdem no limit (60/120) - 2015/07/27 21:22:54 UTC
Table: 'Double or Nothing(125890372)#0' 10-max (real money) Seat #9 is the button
Seat 1: Crisssis (2350)
Seat 4: mafalex (1458)
Seat 5: Lolo151 (1705)
Seat 7: sabre_laser (5057)
Seat 8: oukahou (1465)
Seat 9: AAFlo777 (1225)
Seat 10: Tamata40 (1740)
*** ANTE/BLINDS ***
Tamata40 posts small blind 60
Crisssis posts big blind 120
Dealt to sabre_laser [3h As]
*** PRE-FLOP *** 
mafalex folds
Lolo151 folds
sabre_laser folds
oukahou calls 120
AAFlo777 folds
Tamata40 folds
Crisssis checks
*** FLOP *** [2h 4d 8s]
Crisssis checks
oukahou bets 200
Crisssis folds
oukahou collected 500 from pot
*** SUMMARY ***
Total pot 500 | No rake
Board: [2h 4d 8s]
Seat 8: oukahou won 500


Winamax Poker - Tournament "Double or Nothing" buyIn: 0,46€ + 0,04€ level: 5 - HandId: #540695030621274113-30-1438032227 - Holdem no limit (60/120) - 2015/07/27 21:23:47 UTC
Table: 'Double or Nothing(125890372)#0' 10-max (real money) Seat #10 is the button
Seat 1: Crisssis (2230)
Seat 4: mafalex (1458)
Seat 5: Lolo151 (1705)
Seat 7: sabre_laser (5057)
Seat 8: oukahou (1645)
Seat 9: AAFlo777 (1225)
Seat 10: Tamata40 (1680)
*** ANTE/BLINDS ***
Crisssis posts small blind 60
mafalex posts big blind 120
Dealt to sabre_laser [7c Ad]
*** PRE-FLOP *** 
Lolo151 folds
sabre_laser folds
oukahou folds
AAFlo777 folds
Tamata40 raises 180 to 300
Crisssis folds
mafalex folds
Tamata40 collected 480 from pot
*** SUMMARY ***
Total pot 480 | No rake
Seat 10: Tamata40 (button) won 480


Winamax Poker - Tournament "Double or Nothing" buyIn: 0,46€ + 0,04€ level: 5 - HandId: #540695030621274113-31-1438032269 - Holdem no limit (60/120) - 2015/07/27 21:24:29 UTC
Table: 'Double or Nothing(125890372)#0' 10-max (real money) Seat #1 is the button
Seat 1: Crisssis (2170)
Seat 4: mafalex (1338)
Seat 5: Lolo151 (1705)
Seat 7: sabre_laser (5057)
Seat 8: oukahou (1645)
Seat 9: AAFlo777 (1225)
Seat 10: Tamata40 (1860)
*** ANTE/BLINDS ***
mafalex posts small blind 60
Lolo151 posts big blind 120
Dealt to sabre_laser [Qh 5c]
*** PRE-FLOP *** 
sabre_laser folds
oukahou folds
AAFlo777 folds
Tamata40 folds
Crisssis folds
mafalex raises 240 to 360
Lolo151 raises 1345 to 1705 and is all-in
mafalex calls 978 and is all-in
*** FLOP *** [Ks 6s 3h]
*** TURN *** [Ks 6s 3h][3s]
*** RIVER *** [Ks 6s 3h 3s][5s]
*** SHOW DOWN ***
mafalex shows [Qs Ad] (Flush King high)
Lolo151 shows [2c 2s] (Flush King high)
Lolo151 collected 367 from side pot 1
mafalex collected 2676 from main pot
*** SUMMARY ***
Total pot 3043 | No rake
Board: [Ks 6s 3h 3s 5s]
Seat 4: mafalex (small blind) showed [Qs Ad] and won 2676 with Flush King high
Seat 5: Lolo151 (big blind) showed [2c 2s] and won 367 with Flush King high


Winamax Poker - Tournament "Double or Nothing" buyIn: 0,46€ + 0,04€ level: 5 - HandId: #540695030621274113-32-1438032309 - Holdem no limit (60/120) - 2015/07/27 21:25:09 UTC
Table: 'Double or Nothing(125890372)#0' 10-max (real money) Seat #4 is the button
Seat 1: Crisssis (2170)
Seat 4: mafalex (2676)
Seat 5: Lolo151 (367)
Seat 7: sabre_laser (5057)
Seat 8: oukahou (1645)
Seat 9: AAFlo777 (1225)
Seat 10: Tamata40 (1860)
*** ANTE/BLINDS ***
Lolo151 posts small blind 60
sabre_laser posts big blind 120
Dealt to sabre_laser [8c 8s]
*** PRE-FLOP *** 
oukahou folds
AAFlo777 folds
Tamata40 folds
Crisssis folds
mafalex folds
Lolo151 raises 247 to 367 and is all-in
sabre_laser calls 247
*** FLOP *** [Ah Ts Kc]
*** TURN *** [Ah Ts Kc][Qs]
*** RIVER *** [Ah Ts Kc Qs][Td]
*** SHOW DOWN ***
sabre_laser shows [8c 8s] (Two pairs : Tens and 8)
Lolo151 shows [Qd 7c] (Two pairs : Queens and Tens)
Lolo151 collected 734 from pot
*** SUMMARY ***
Total pot 734 | No rake
Board: [Ah Ts Kc Qs Td]
Seat 5: Lolo151 (small blind) showed [Qd 7c] and won 734 with Two pairs : Queens and Tens
Seat 7: sabre_laser (big blind) showed [8c 8s] and lost with Two pairs : Tens and 8


Winamax Poker - Tournament "Double or Nothing" buyIn: 0,46€ + 0,04€ level: 5 - HandId: #540695030621274113-33-1438032341 - Holdem no limit (60/120) - 2015/07/27 21:25:41 UTC
Table: 'Double or Nothing(125890372)#0' 10-max (real money) Seat #5 is the button
Seat 1: Crisssis (2170)
Seat 4: mafalex (2676)
Seat 5: Lolo151 (734)
Seat 7: sabre_laser (4690)
Seat 8: oukahou (1645)
Seat 9: AAFlo777 (1225)
Seat 10: Tamata40 (1860)
*** ANTE/BLINDS ***
sabre_laser posts small blind 60
oukahou posts big blind 120
Dealt to sabre_laser [As 8h]
*** PRE-FLOP *** 
AAFlo777 folds
Tamata40 folds
Crisssis folds
mafalex folds
Lolo151 raises 240 to 360
sabre_laser raises 240 to 600
oukahou folds
Lolo151 raises 134 to 734 and is all-in
sabre_laser calls 134
*** FLOP *** [Th 5s 2d]
*** TURN *** [Th 5s 2d][4h]
*** RIVER *** [Th 5s 2d 4h][7s]
*** SHOW DOWN ***
sabre_laser shows [As 8h] (High card : Ace)
Lolo151 shows [Ks Ad] (High card : Ace)
Lolo151 collected 1588 from pot
*** SUMMARY ***
Total pot 1588 | No rake
Board: [Th 5s 2d 4h 7s]
Seat 5: Lolo151 (button) showed [Ks Ad] and won 1588 with High card : Ace
Seat 7: sabre_laser (small blind) showed [As 8h] and lost with High card : Ace


Winamax Poker - Tournament "Double or Nothing" buyIn: 0,46€ + 0,04€ level: 5 - HandId: #540695030621274113-34-1438032397 - Holdem no limit (60/120) - 2015/07/27 21:26:37 UTC
Table: 'Double or Nothing(125890372)#0' 10-max (real money) Seat #7 is the button
Seat 1: Crisssis (2170)
Seat 4: mafalex (2676)
Seat 5: Lolo151 (1588)
Seat 7: sabre_laser (3956)
Seat 8: oukahou (1525)
Seat 9: AAFlo777 (1225)
Seat 10: Tamata40 (1860)
*** ANTE/BLINDS ***
oukahou posts small blind 60
AAFlo777 posts big blind 120
Dealt to sabre_laser [Jd 9s]
*** PRE-FLOP *** 
Tamata40 folds
Crisssis folds
mafalex folds
Lolo151 folds
sabre_laser raises 120 to 240
oukahou folds
AAFlo777 folds
sabre_laser collected 420 from pot
*** SUMMARY ***
Total pot 420 | No rake
Seat 7: sabre_laser (button) won 420


Winamax Poker - Tournament "Double or Nothing" buyIn: 0,46€ + 0,04€ level: 5 - HandId: #540695030621274113-35-1438032448 - Holdem no limit (60/120) - 2015/07/27 21:27:28 UTC
Table: 'Double or Nothing(125890372)#0' 10-max (real money) Seat #8 is the button
Seat 1: Crisssis (2170)
Seat 4: mafalex (2676)
Seat 5: Lolo151 (1588)
Seat 7: sabre_laser (4136)
Seat 8: oukahou (1465)
Seat 9: AAFlo777 (1105)
Seat 10: Tamata40 (1860)
*** ANTE/BLINDS ***
AAFlo777 posts small blind 60
Tamata40 posts big blind 120
Dealt to sabre_laser [Js 4s]
*** PRE-FLOP *** 
Crisssis folds
mafalex folds
Lolo151 folds
sabre_laser folds
oukahou folds
AAFlo777 raises 985 to 1105 and is all-in
Tamata40 folds
AAFlo777 collected 1225 from pot
*** SUMMARY ***
Total pot 1225 | No rake
Seat 9: AAFlo777 (small blind) won 1225


Winamax Poker - Tournament "Double or Nothing" buyIn: 0,46€ + 0,04€ level: 5 - HandId: #540695030621274113-36-1438032479 - Holdem no limit (60/120) - 2015/07/27 21:27:59 UTC
Table: 'Double or Nothing(125890372)#0' 10-max (real money) Seat #9 is the button
Seat 1: Crisssis (2170)
Seat 4: mafalex (2676)
Seat 5: Lolo151 (1588)
Seat 7: sabre_laser (4136)
Seat 8: oukahou (1465)
Seat 9: AAFlo777 (1225)
Seat 10: Tamata40 (1740)
*** ANTE/BLINDS ***
Tamata40 posts small blind 60
Crisssis posts big blind 120
Dealt to sabre_laser [Kh 9h]
*** PRE-FLOP *** 
mafalex raises 120 to 240
Lolo151 folds
sabre_laser folds
oukahou folds
AAFlo777 folds
Tamata40 folds
Crisssis folds
mafalex collected 420 from pot
*** SUMMARY ***
Total pot 420 | No rake
Seat 4: mafalex won 420


Winamax Poker - Tournament "Double or Nothing" buyIn: 0,46€ + 0,04€ level: 5 - HandId: #540695030621274113-37-1438032506 - Holdem no limit (60/120) - 2015/07/27 21:28:26 UTC
Table: 'Double or Nothing(125890372)#0' 10-max (real money) Seat #10 is the button
Seat 1: Crisssis (2050)
Seat 4: mafalex (2856)
Seat 5: Lolo151 (1588)
Seat 7: sabre_laser (4136)
Seat 8: oukahou (1465)
Seat 9: AAFlo777 (1225)
Seat 10: Tamata40 (1680)
*** ANTE/BLINDS ***
Crisssis posts small blind 60
mafalex posts big blind 120
Dealt to sabre_laser [Jc 2s]
*** PRE-FLOP *** 
Lolo151 folds
sabre_laser folds
oukahou folds
AAFlo777 folds
Tamata40 folds
Crisssis folds
mafalex collected 180 from pot
*** SUMMARY ***
Total pot 180 | No rake
Seat 4: mafalex (big blind) won 180


Winamax Poker - Tournament "Double or Nothing" buyIn: 0,46€ + 0,04€ level: 6 - HandId: #540695030621274113-38-1438032529 - Holdem no limit (80/160) - 2015/07/27 21:28:49 UTC
Table: 'Double or Nothing(125890372)#0' 10-max (real money) Seat #1 is the button
Seat 1: Crisssis (1990)
Seat 4: mafalex (2916)
Seat 5: Lolo151 (1588)
Seat 7: sabre_laser (4136)
Seat 8: oukahou (1465)
Seat 9: AAFlo777 (1225)
Seat 10: Tamata40 (1680)
*** ANTE/BLINDS ***
mafalex posts small blind 80
Lolo151 posts big blind 160
Dealt to sabre_laser [As Kc]
*** PRE-FLOP *** 
sabre_laser raises 160 to 320
oukahou folds
AAFlo777 folds
Tamata40 folds
Crisssis folds
mafalex folds
Lolo151 folds
sabre_laser collected 560 from pot
*** SUMMARY ***
Total pot 560 | No rake
Seat 7: sabre_laser won 560


Winamax Poker - Tournament "Double or Nothing" buyIn: 0,46€ + 0,04€ level: 6 - HandId: #540695030621274113-39-1438032554 - Holdem no limit (80/160) - 2015/07/27 21:29:14 UTC
Table: 'Double or Nothing(125890372)#0' 10-max (real money) Seat #4 is the button
Seat 1: Crisssis (1990)
Seat 4: mafalex (2836)
Seat 5: Lolo151 (1428)
Seat 7: sabre_laser (4376)
Seat 8: oukahou (1465)
Seat 9: AAFlo777 (1225)
Seat 10: Tamata40 (1680)
*** ANTE/BLINDS ***
Lolo151 posts small blind 80
sabre_laser posts big blind 160
Dealt to sabre_laser [Ad 6d]
*** PRE-FLOP *** 
oukahou folds
AAFlo777 folds
Tamata40 folds
Crisssis folds
mafalex folds
Lolo151 calls 80
sabre_laser raises 240 to 400
Lolo151 folds
sabre_laser collected 560 from pot
*** SUMMARY ***
Total pot 560 | No rake
Seat 7: sabre_laser (big blind) won 560


Winamax Poker - Tournament "Double or Nothing" buyIn: 0,46€ + 0,04€ level: 6 - HandId: #540695030621274113-40-1438032589 - Holdem no limit (80/160) - 2015/07/27 21:29:49 UTC
Table: 'Double or Nothing(125890372)#0' 10-max (real money) Seat #5 is the button
Seat 1: Crisssis (1990)
Seat 4: mafalex (2836)
Seat 5: Lolo151 (1268)
Seat 7: sabre_laser (4536)
Seat 8: oukahou (1465)
Seat 9: AAFlo777 (1225)
Seat 10: Tamata40 (1680)
*** ANTE/BLINDS ***
sabre_laser posts small blind 80
oukahou posts big blind 160
Dealt to sabre_laser [7s Ah]
*** PRE-FLOP *** 
AAFlo777 folds
Tamata40 raises 160 to 320
Crisssis folds
mafalex folds
Lolo151 folds
sabre_laser folds
oukahou folds
Tamata40 collected 560 from pot
*** SUMMARY ***
Total pot 560 | No rake
Seat 10: Tamata40 won 560


Winamax Poker - Tournament "Double or Nothing" buyIn: 0,46€ + 0,04€ level: 6 - HandId: #540695030621274113-41-1438032615 - Holdem no limit (80/160) - 2015/07/27 21:30:15 UTC
Table: 'Double or Nothing(125890372)#0' 10-max (real money) Seat #7 is the button
Seat 1: Crisssis (1990)
Seat 4: mafalex (2836)
Seat 5: Lolo151 (1268)
Seat 7: sabre_laser (4456)
Seat 8: oukahou (1305)
Seat 9: AAFlo777 (1225)
Seat 10: Tamata40 (1920)
*** ANTE/BLINDS ***
oukahou posts small blind 80
AAFlo777 posts big blind 160
Dealt to sabre_laser [Tc As]
*** PRE-FLOP *** 
Tamata40 folds
Crisssis folds
mafalex folds
Lolo151 folds
sabre_laser raises 160 to 320
oukahou folds
AAFlo777 folds
sabre_laser collected 560 from pot
*** SUMMARY ***
Total pot 560 | No rake
Seat 7: sabre_laser (button) won 560


Winamax Poker - Tournament "Double or Nothing" buyIn: 0,46€ + 0,04€ level: 6 - HandId: #540695030621274113-42-1438032654 - Holdem no limit (80/160) - 2015/07/27 21:30:54 UTC
Table: 'Double or Nothing(125890372)#0' 10-max (real money) Seat #8 is the button
Seat 1: Crisssis (1990)
Seat 4: mafalex (2836)
Seat 5: Lolo151 (1268)
Seat 7: sabre_laser (4696)
Seat 8: oukahou (1225)
Seat 9: AAFlo777 (1065)
Seat 10: Tamata40 (1920)
*** ANTE/BLINDS ***
AAFlo777 posts small blind 80
Tamata40 posts big blind 160
Dealt to sabre_laser [Kh Jc]
*** PRE-FLOP *** 
Crisssis folds
mafalex folds
Lolo151 folds
sabre_laser calls 160
oukahou folds
AAFlo777 folds
Tamata40 checks
*** FLOP *** [Ad 7c 8s]
Tamata40 checks
sabre_laser bets 240
Tamata40 folds
sabre_laser collected 640 from pot
*** SUMMARY ***
Total pot 640 | No rake
Board: [Ad 7c 8s]
Seat 7: sabre_laser won 640


Winamax Poker - Tournament "Double or Nothing" buyIn: 0,46€ + 0,04€ level: 6 - HandId: #540695030621274113-43-1438032713 - Holdem no limit (80/160) - 2015/07/27 21:31:53 UTC
Table: 'Double or Nothing(125890372)#0' 10-max (real money) Seat #9 is the button
Seat 1: Crisssis (1990)
Seat 4: mafalex (2836)
Seat 5: Lolo151 (1268)
Seat 7: sabre_laser (4936)
Seat 8: oukahou (1225)
Seat 9: AAFlo777 (985)
Seat 10: Tamata40 (1760)
*** ANTE/BLINDS ***
Tamata40 posts small blind 80
Crisssis posts big blind 160
Dealt to sabre_laser [Qc 2s]
*** PRE-FLOP *** 
mafalex folds
Lolo151 folds
sabre_laser folds
oukahou folds
AAFlo777 folds
Tamata40 raises 1600 to 1760 and is all-in
Crisssis folds
Tamata40 collected 1920 from pot
*** SUMMARY ***
Total pot 1920 | No rake
Seat 10: Tamata40 (small blind) won 1920


Winamax Poker - Tournament "Double or Nothing" buyIn: 0,46€ + 0,04€ level: 6 - HandId: #540695030621274113-44-1438032738 - Holdem no limit (80/160) - 2015/07/27 21:32:18 UTC
Table: 'Double or Nothing(125890372)#0' 10-max (real money) Seat #10 is the button
Seat 1: Crisssis (1830)
Seat 4: mafalex (2836)
Seat 5: Lolo151 (1268)
Seat 7: sabre_laser (4936)
Seat 8: oukahou (1225)
Seat 9: AAFlo777 (985)
Seat 10: Tamata40 (1920)
*** ANTE/BLINDS ***
Crisssis posts small blind 80
mafalex posts big blind 160
Dealt to sabre_laser [9s 5h]
*** PRE-FLOP *** 
Lolo151 folds
sabre_laser folds
oukahou folds
AAFlo777 folds
Tamata40 folds
Crisssis raises 1670 to 1830 and is all-in
mafalex folds
Crisssis collected 1990 from pot
*** SUMMARY ***
Total pot 1990 | No rake
Seat 1: Crisssis (small blind) won 1990


Winamax Poker - Tournament "Double or Nothing" buyIn: 0,46€ + 0,04€ level: 6 - HandId: #540695030621274113-45-1438032758 - Holdem no limit (80/160) - 2015/07/27 21:32:38 UTC
Table: 'Double or Nothing(125890372)#0' 10-max (real money) Seat #1 is the button
Seat 1: Crisssis (1990)
Seat 4: mafalex (2676)
Seat 5: Lolo151 (1268)
Seat 7: sabre_laser (4936)
Seat 8: oukahou (1225)
Seat 9: AAFlo777 (985)
Seat 10: Tamata40 (1920)
*** ANTE/BLINDS ***
mafalex posts small blind 80
Lolo151 posts big blind 160
Dealt to sabre_laser [3c 8s]
*** PRE-FLOP *** 
sabre_laser folds
oukahou folds
AAFlo777 folds
Tamata40 folds
Crisssis folds
mafalex folds
Lolo151 collected 240 from pot
*** SUMMARY ***
Total pot 240 | No rake
Seat 5: Lolo151 (big blind) won 240


Winamax Poker - Tournament "Double or Nothing" buyIn: 0,46€ + 0,04€ level: 6 - HandId: #540695030621274113-46-1438032777 - Holdem no limit (80/160) - 2015/07/27 21:32:57 UTC
Table: 'Double or Nothing(125890372)#0' 10-max (real money) Seat #4 is the button
Seat 1: Crisssis (1990)
Seat 4: mafalex (2596)
Seat 5: Lolo151 (1348)
Seat 7: sabre_laser (4936)
Seat 8: oukahou (1225)
Seat 9: AAFlo777 (985)
Seat 10: Tamata40 (1920)
*** ANTE/BLINDS ***
Lolo151 posts small blind 80
sabre_laser posts big blind 160
Dealt to sabre_laser [9c Th]
*** PRE-FLOP *** 
oukahou raises 1065 to 1225 and is all-in
AAFlo777 folds
Tamata40 folds
Crisssis folds
mafalex folds
Lolo151 folds
sabre_laser folds
oukahou collected 1465 from pot
*** SUMMARY ***
Total pot 1465 | No rake
Seat 8: oukahou won 1465


Winamax Poker - Tournament "Double or Nothing" buyIn: 0,46€ + 0,04€ level: 6 - HandId: #540695030621274113-47-1438032813 - Holdem no limit (80/160) - 2015/07/27 21:33:33 UTC
Table: 'Double or Nothing(125890372)#0' 10-max (real money) Seat #5 is the button
Seat 1: Crisssis (1990)
Seat 4: mafalex (2596)
Seat 5: Lolo151 (1268)
Seat 7: sabre_laser (4776)
Seat 8: oukahou (1465)
Seat 9: AAFlo777 (985)
Seat 10: Tamata40 (1920)
*** ANTE/BLINDS ***
sabre_laser posts small blind 80
oukahou posts big blind 160
Dealt to sabre_laser [Qh Qs]
*** PRE-FLOP *** 
AAFlo777 raises 825 to 985 and is all-in
Tamata40 folds
Crisssis folds
mafalex folds
Lolo151 folds
sabre_laser calls 905
oukahou folds
*** FLOP *** [4s 2h 2c]
*** TURN *** [4s 2h 2c][5d]
*** RIVER *** [4s 2h 2c 5d][7h]
*** SHOW DOWN ***
AAFlo777 shows [Kh As] (One pair : 2)
sabre_laser shows [Qh Qs] (Two pairs : Queens and 2)
sabre_laser collected 2130 from pot
*** SUMMARY ***
Total pot 2130 | No rake
Board: [4s 2h 2c 5d 7h]
Seat 7: sabre_laser (small blind) showed [Qh Qs] and won 2130 with Two pairs : Queens and 2
Seat 9: AAFlo777 showed [Kh As] and lost with One pair : 2


Winamax Poker - Tournament "Double or Nothing" buyIn: 0,46€ + 0,04€ level: 6 - HandId: #540695030621274113-48-1438032841 - Holdem no limit (80/160) - 2015/07/27 21:34:01 UTC
Table: 'Double or Nothing(125890372)#0' 10-max (real money) Seat #7 is the button
Seat 1: Crisssis (1990)
Seat 4: mafalex (2596)
Seat 5: Lolo151 (1268)
Seat 7: sabre_laser (5921)
Seat 8: oukahou (1305)
Seat 10: Tamata40 (1920)
*** ANTE/BLINDS ***
oukahou posts small blind 80
Tamata40 posts big blind 160
Dealt to sabre_laser [3c 6d]
*** PRE-FLOP *** 
Crisssis folds
mafalex folds
Lolo151 folds
sabre_laser folds
oukahou calls 80
Tamata40 checks
*** FLOP *** [2h Qd 6c]
oukahou checks
Tamata40 bets 240
oukahou folds
Tamata40 collected 560 from pot
*** SUMMARY ***
Total pot 560 | No rake
Board: [2h Qd 6c]
Seat 10: Tamata40 (big blind) won 560


Winamax Poker - Tournament "Double or Nothing" buyIn: 0,46€ + 0,04€ level: 6 - HandId: #540695030621274113-49-1438032872 - Holdem no limit (80/160) - 2015/07/27 21:34:32 UTC
Table: 'Double or Nothing(125890372)#0' 10-max (real money) Seat #8 is the button
Seat 1: Crisssis (1990)
Seat 4: mafalex (2596)
Seat 5: Lolo151 (1268)
Seat 7: sabre_laser (5921)
Seat 8: oukahou (1145)
Seat 10: Tamata40 (2080)
*** ANTE/BLINDS ***
Tamata40 posts small blind 80
Crisssis posts big blind 160
Dealt to sabre_laser [5d 2d]
*** PRE-FLOP *** 
mafalex folds
Lolo151 raises 1108 to 1268 and is all-in
sabre_laser folds
oukahou folds
Tamata40 folds
Crisssis folds
Lolo151 collected 1508 from pot
*** SUMMARY ***
Total pot 1508 | No rake
Seat 5: Lolo151 won 1508


Winamax Poker - Tournament "Double or Nothing" buyIn: 0,46€ + 0,04€ level: 7 - HandId: #540695030621274113-50-1438032908 - Holdem no limit (10/100/200) - 2015/07/27 21:35:08 UTC
Table: 'Double or Nothing(125890372)#0' 10-max (real money) Seat #10 is the button
Seat 1: Crisssis (1830)
Seat 4: mafalex (2596)
Seat 5: Lolo151 (1508)
Seat 7: sabre_laser (5921)
Seat 8: oukahou (1145)
Seat 10: Tamata40 (2000)
*** ANTE/BLINDS ***
Crisssis posts ante 10
mafalex posts ante 10
Lolo151 posts ante 10
sabre_laser posts ante 10
oukahou posts ante 10
Tamata40 posts ante 10
Crisssis posts small blind 100
mafalex posts big blind 200
Dealt to sabre_laser [Th Js]
*** PRE-FLOP *** 
Lolo151 folds
sabre_laser calls 200
oukahou folds
Tamata40 folds
Crisssis folds
mafalex checks
*** FLOP *** [Jc Kh Qc]
mafalex checks
sabre_laser bets 200
mafalex folds
sabre_laser collected 760 from pot
*** SUMMARY ***
Total pot 760 | No rake
Board: [Jc Kh Qc]
Seat 7: sabre_laser won 760


Winamax Poker - Tournament "Double or Nothing" buyIn: 0,46€ + 0,04€ level: 7 - HandId: #540695030621274113-51-1438032953 - Holdem no limit (10/100/200) - 2015/07/27 21:35:53 UTC
Table: 'Double or Nothing(125890372)#0' 10-max (real money) Seat #1 is the button
Seat 1: Crisssis (1720)
Seat 4: mafalex (2386)
Seat 5: Lolo151 (1498)
Seat 7: sabre_laser (6271)
Seat 8: oukahou (1135)
Seat 10: Tamata40 (1990)
*** ANTE/BLINDS ***
mafalex posts ante 10
Lolo151 posts ante 10
Crisssis posts ante 10
sabre_laser posts ante 10
oukahou posts ante 10
Tamata40 posts ante 10
mafalex posts small blind 100
Lolo151 posts big blind 200
Dealt to sabre_laser [Ks 4h]
*** PRE-FLOP *** 
sabre_laser folds
oukahou folds
Tamata40 folds
Crisssis raises 1510 to 1710 and is all-in
mafalex folds
Lolo151 folds
Crisssis collected 2070 from pot
*** SUMMARY ***
Total pot 2070 | No rake
Seat 1: Crisssis (button) won 2070


Winamax Poker - Tournament "Double or Nothing" buyIn: 0,46€ + 0,04€ level: 7 - HandId: #540695030621274113-52-1438032984 - Holdem no limit (10/100/200) - 2015/07/27 21:36:24 UTC
Table: 'Double or Nothing(125890372)#0' 10-max (real money) Seat #4 is the button
Seat 1: Crisssis (2070)
Seat 4: mafalex (2276)
Seat 5: Lolo151 (1288)
Seat 7: sabre_laser (6261)
Seat 8: oukahou (1125)
Seat 10: Tamata40 (1980)
*** ANTE/BLINDS ***
Lolo151 posts ante 10
sabre_laser posts ante 10
Crisssis posts ante 10
mafalex posts ante 10
oukahou posts ante 10
Tamata40 posts ante 10
Lolo151 posts small blind 100
sabre_laser posts big blind 200
Dealt to sabre_laser [4s 2c]
*** PRE-FLOP *** 
oukahou raises 200 to 400
Tamata40 folds
Crisssis folds
mafalex raises 200 to 600
Lolo151 folds
sabre_laser folds
oukahou raises 515 to 1115 and is all-in
mafalex calls 515
*** FLOP *** [8h Qs Jh]
*** TURN *** [8h Qs Jh][7c]
*** RIVER *** [8h Qs Jh 7c][Td]
*** SHOW DOWN ***
oukahou shows [Ad Ts] (One pair : Tens)
mafalex shows [As Qc] (One pair : Queens)
mafalex collected 2590 from pot
*** SUMMARY ***
Total pot 2590 | No rake
Board: [8h Qs Jh 7c Td]
Seat 4: mafalex (button) showed [As Qc] and won 2590 with One pair : Queens
Seat 8: oukahou showed [Ad Ts] and lost with One pair : Tens


