Winamax Poker - Tournament "Double or Nothing" buyIn: 9,30€ + 0,70€ level: 0 - HandId: #551848141565984769-1-1440445865 - Holdem no limit (10/20) - 2015/08/24 19:51:05 UTC
Table: 'Double or Nothing(128487158)#0' 10-max (real money) Seat #6 is the button
Seat 1: jacaranda (1500)
Seat 2: umea74 (1500)
Seat 3: mc_dermott (1500)
Seat 4: xxKIMPxx (1500)
Seat 5: sabre_laser (1500)
Seat 6: JCRoadRunner (1500)
Seat 7: obiwan37 (1500)
Seat 8: durdanus39 (1500)
Seat 9: Gararepio (1500)
Seat 10: elsenor16430 (1500)
*** ANTE/BLINDS ***
obiwan37 posts small blind 10
durdanus39 posts big blind 20
Dealt to sabre_laser [5h 8c]
*** PRE-FLOP *** 
Gararepio folds
elsenor16430 folds
jacaranda folds
umea74 calls 20
mc_dermott folds
xxKIMPxx folds
sabre_laser folds
JCRoadRunner calls 20
obiwan37 calls 10
durdanus39 checks
*** FLOP *** [5s 7h Ah]
obiwan37 checks
durdanus39 checks
umea74 checks
JCRoadRunner bets 40
obiwan37 folds
durdanus39 calls 40
umea74 folds
*** TURN *** [5s 7h Ah][2s]
durdanus39 checks
JCRoadRunner checks
*** RIVER *** [5s 7h Ah 2s][Tc]
durdanus39 checks
JCRoadRunner bets 80
durdanus39 folds
JCRoadRunner collected 240 from pot
*** SUMMARY ***
Total pot 240 | No rake
Board: [5s 7h Ah 2s Tc]
Seat 6: JCRoadRunner (button) won 240


Winamax Poker - Tournament "Double or Nothing" buyIn: 9,30€ + 0,70€ level: 0 - HandId: #551848141565984769-2-1440446003 - Holdem no limit (10/20) - 2015/08/24 19:53:23 UTC
Table: 'Double or Nothing(128487158)#0' 10-max (real money) Seat #7 is the button
Seat 1: jacaranda (1500)
Seat 2: umea74 (1480)
Seat 3: mc_dermott (1500)
Seat 4: xxKIMPxx (1500)
Seat 5: sabre_laser (1500)
Seat 6: JCRoadRunner (1600)
Seat 7: obiwan37 (1480)
Seat 8: durdanus39 (1440)
Seat 9: Gararepio (1500)
Seat 10: elsenor16430 (1500)
*** ANTE/BLINDS ***
durdanus39 posts small blind 10
Gararepio posts big blind 20
Dealt to sabre_laser [Kc 6h]
*** PRE-FLOP *** 
elsenor16430 folds
jacaranda folds
umea74 folds
mc_dermott folds
xxKIMPxx folds
sabre_laser folds
JCRoadRunner raises 20 to 40
obiwan37 folds
durdanus39 folds
Gararepio calls 20
*** FLOP *** [8d 2h Kd]
Gararepio checks
JCRoadRunner bets 45
Gararepio folds
JCRoadRunner collected 135 from pot
*** SUMMARY ***
Total pot 135 | No rake
Board: [8d 2h Kd]
Seat 6: JCRoadRunner won 135


Winamax Poker - Tournament "Double or Nothing" buyIn: 9,30€ + 0,70€ level: 0 - HandId: #551848141565984769-3-1440446156 - Holdem no limit (10/20) - 2015/08/24 19:55:56 UTC
Table: 'Double or Nothing(128487158)#0' 10-max (real money) Seat #8 is the button
Seat 1: jacaranda (1500)
Seat 2: umea74 (1480)
Seat 3: mc_dermott (1500)
Seat 4: xxKIMPxx (1500)
Seat 5: sabre_laser (1500)
Seat 6: JCRoadRunner (1650)
Seat 7: obiwan37 (1480)
Seat 8: durdanus39 (1430)
Seat 9: Gararepio (1460)
Seat 10: elsenor16430 (1500)
*** ANTE/BLINDS ***
Gararepio posts small blind 10
elsenor16430 posts big blind 20
Dealt to sabre_laser [5c 8h]
*** PRE-FLOP *** 
jacaranda folds
umea74 folds
mc_dermott folds
xxKIMPxx folds
sabre_laser folds
JCRoadRunner raises 40 to 60
obiwan37 folds
durdanus39 folds
Gararepio calls 50
elsenor16430 folds
*** FLOP *** [6d Ks 3s]
Gararepio checks
JCRoadRunner bets 70
Gararepio folds
JCRoadRunner collected 210 from pot
*** SUMMARY ***
Total pot 210 | No rake
Board: [6d Ks 3s]
Seat 6: JCRoadRunner won 210


Winamax Poker - Tournament "Double or Nothing" buyIn: 9,30€ + 0,70€ level: 1 - HandId: #551848141565984769-4-1440446247 - Holdem no limit (15/30) - 2015/08/24 19:57:27 UTC
Table: 'Double or Nothing(128487158)#0' 10-max (real money) Seat #9 is the button
Seat 1: jacaranda (1500)
Seat 2: umea74 (1480)
Seat 3: mc_dermott (1500)
Seat 4: xxKIMPxx (1500)
Seat 5: sabre_laser (1500)
Seat 6: JCRoadRunner (1730)
Seat 7: obiwan37 (1480)
Seat 8: durdanus39 (1430)
Seat 9: Gararepio (1400)
Seat 10: elsenor16430 (1480)
*** ANTE/BLINDS ***
elsenor16430 posts small blind 15
jacaranda posts big blind 30
Dealt to sabre_laser [9d 8d]
*** PRE-FLOP *** 
umea74 raises 60 to 90
mc_dermott folds
xxKIMPxx folds
sabre_laser calls 90
JCRoadRunner folds
obiwan37 calls 90
durdanus39 folds
Gararepio folds
elsenor16430 folds
jacaranda folds
*** FLOP *** [5d 9h 2c]
umea74 bets 210
sabre_laser calls 210
obiwan37 calls 210
*** TURN *** [5d 9h 2c][Ks]
umea74 checks
sabre_laser checks
obiwan37 checks
*** RIVER *** [5d 9h 2c Ks][6c]
umea74 bets 550
sabre_laser calls 550
obiwan37 folds
*** SHOW DOWN ***
umea74 shows [Ah Qc] (High card : Ace)
sabre_laser shows [9d 8d] (One pair : 9)
sabre_laser collected 2045 from pot
*** SUMMARY ***
Total pot 2045 | No rake
Board: [5d 9h 2c Ks 6c]
Seat 2: umea74 showed [Ah Qc] and lost with High card : Ace
Seat 5: sabre_laser showed [9d 8d] and won 2045 with One pair : 9


Winamax Poker - Tournament "Double or Nothing" buyIn: 9,30€ + 0,70€ level: 1 - HandId: #551848141565984769-5-1440446464 - Holdem no limit (15/30) - 2015/08/24 20:01:04 UTC
Table: 'Double or Nothing(128487158)#0' 10-max (real money) Seat #10 is the button
Seat 1: jacaranda (1470)
Seat 2: umea74 (630)
Seat 3: mc_dermott (1500)
Seat 4: xxKIMPxx (1500)
Seat 5: sabre_laser (2695)
Seat 6: JCRoadRunner (1730)
Seat 7: obiwan37 (1180)
Seat 8: durdanus39 (1430)
Seat 9: Gararepio (1400)
Seat 10: elsenor16430 (1465)
*** ANTE/BLINDS ***
jacaranda posts small blind 15
umea74 posts big blind 30
Dealt to sabre_laser [Ad Qh]
*** PRE-FLOP *** 
mc_dermott raises 30 to 60
xxKIMPxx folds
sabre_laser calls 60
JCRoadRunner folds
obiwan37 folds
durdanus39 folds
Gararepio folds
elsenor16430 folds
jacaranda folds
umea74 folds
*** FLOP *** [5s 8d 5d]
mc_dermott bets 165
sabre_laser folds
mc_dermott collected 330 from pot
*** SUMMARY ***
Total pot 330 | No rake
Board: [5s 8d 5d]
Seat 3: mc_dermott won 330


Winamax Poker - Tournament "Double or Nothing" buyIn: 9,30€ + 0,70€ level: 1 - HandId: #551848141565984769-6-1440446513 - Holdem no limit (15/30) - 2015/08/24 20:01:53 UTC
Table: 'Double or Nothing(128487158)#0' 10-max (real money) Seat #1 is the button
Seat 1: jacaranda (1455)
Seat 2: umea74 (600)
Seat 3: mc_dermott (1605)
Seat 4: xxKIMPxx (1500)
Seat 5: sabre_laser (2635)
Seat 6: JCRoadRunner (1730)
Seat 7: obiwan37 (1180)
Seat 8: durdanus39 (1430)
Seat 9: Gararepio (1400)
Seat 10: elsenor16430 (1465)
*** ANTE/BLINDS ***
umea74 posts small blind 15
mc_dermott posts big blind 30
Dealt to sabre_laser [2s 5d]
*** PRE-FLOP *** 
xxKIMPxx folds
sabre_laser folds
JCRoadRunner folds
obiwan37 folds
durdanus39 folds
Gararepio folds
elsenor16430 folds
jacaranda folds
umea74 calls 15
mc_dermott checks
*** FLOP *** [8c Jc 2h]
umea74 checks
mc_dermott checks
*** TURN *** [8c Jc 2h][7s]
umea74 checks
mc_dermott checks
*** RIVER *** [8c Jc 2h 7s][7d]
umea74 checks
mc_dermott checks
*** SHOW DOWN ***
mc_dermott shows [Qh Kd] (One pair : 7)
umea74 shows [Ac 3s] (One pair : 7)
umea74 collected 60 from pot
*** SUMMARY ***
Total pot 60 | No rake
Board: [8c Jc 2h 7s 7d]
Seat 2: umea74 (small blind) showed [Ac 3s] and won 60 with One pair : 7
Seat 3: mc_dermott (big blind) showed [Qh Kd] and lost with One pair : 7


Winamax Poker - Tournament "Double or Nothing" buyIn: 9,30€ + 0,70€ level: 1 - HandId: #551848141565984769-7-1440446572 - Holdem no limit (15/30) - 2015/08/24 20:02:52 UTC
Table: 'Double or Nothing(128487158)#0' 10-max (real money) Seat #2 is the button
Seat 1: jacaranda (1455)
Seat 2: umea74 (630)
Seat 3: mc_dermott (1575)
Seat 4: xxKIMPxx (1500)
Seat 5: sabre_laser (2635)
Seat 6: JCRoadRunner (1730)
Seat 7: obiwan37 (1180)
Seat 8: durdanus39 (1430)
Seat 9: Gararepio (1400)
Seat 10: elsenor16430 (1465)
*** ANTE/BLINDS ***
mc_dermott posts small blind 15
xxKIMPxx posts big blind 30
Dealt to sabre_laser [4h 2d]
*** PRE-FLOP *** 
sabre_laser folds
JCRoadRunner calls 30
obiwan37 calls 30
durdanus39 folds
Gararepio folds
elsenor16430 folds
jacaranda folds
umea74 raises 600 to 630 and is all-in
mc_dermott folds
xxKIMPxx folds
JCRoadRunner folds
obiwan37 raises 550 to 1180 and is all-in
*** FLOP *** [4d 9c Qd]
*** TURN *** [4d 9c Qd][9h]
*** RIVER *** [4d 9c Qd 9h][7s]
*** SHOW DOWN ***
umea74 shows [Ad Kc] (One pair : 9)
obiwan37 shows [8s 8h] (Two pairs : 9 and 8)
obiwan37 collected 1885 from pot
*** SUMMARY ***
Total pot 1885 | No rake
Board: [4d 9c Qd 9h 7s]
Seat 2: umea74 (button) showed [Ad Kc] and lost with One pair : 9
Seat 7: obiwan37 showed [8s 8h] and won 1885 with Two pairs : 9 and 8


Winamax Poker - Tournament "Double or Nothing" buyIn: 9,30€ + 0,70€ level: 2 - HandId: #551848141565984769-8-1440446633 - Holdem no limit (20/40) - 2015/08/24 20:03:53 UTC
Table: 'Double or Nothing(128487158)#0' 10-max (real money) Seat #3 is the button
Seat 1: jacaranda (1455)
Seat 3: mc_dermott (1560)
Seat 4: xxKIMPxx (1470)
Seat 5: sabre_laser (2635)
Seat 6: JCRoadRunner (1700)
Seat 7: obiwan37 (1885)
Seat 8: durdanus39 (1430)
Seat 9: Gararepio (1400)
Seat 10: elsenor16430 (1465)
*** ANTE/BLINDS ***
xxKIMPxx posts small blind 20
sabre_laser posts big blind 40
Dealt to sabre_laser [7s Ah]
*** PRE-FLOP *** 
JCRoadRunner raises 40 to 80
obiwan37 folds
durdanus39 folds
Gararepio folds
elsenor16430 folds
jacaranda folds
mc_dermott folds
xxKIMPxx folds
sabre_laser calls 40
*** FLOP *** [Qc 6s Tc]
sabre_laser checks
JCRoadRunner bets 90
sabre_laser folds
JCRoadRunner collected 270 from pot
*** SUMMARY ***
Total pot 270 | No rake
Board: [Qc 6s Tc]
Seat 6: JCRoadRunner won 270


Winamax Poker - Tournament "Double or Nothing" buyIn: 9,30€ + 0,70€ level: 2 - HandId: #551848141565984769-9-1440446738 - Holdem no limit (20/40) - 2015/08/24 20:05:38 UTC
Table: 'Double or Nothing(128487158)#0' 10-max (real money) Seat #4 is the button
Seat 1: jacaranda (1455)
Seat 3: mc_dermott (1560)
Seat 4: xxKIMPxx (1450)
Seat 5: sabre_laser (2555)
Seat 6: JCRoadRunner (1800)
Seat 7: obiwan37 (1885)
Seat 8: durdanus39 (1430)
Seat 9: Gararepio (1400)
Seat 10: elsenor16430 (1465)
*** ANTE/BLINDS ***
sabre_laser posts small blind 20
JCRoadRunner posts big blind 40
Dealt to sabre_laser [7c 5d]
*** PRE-FLOP *** 
obiwan37 folds
durdanus39 folds
Gararepio folds
elsenor16430 folds
jacaranda folds
mc_dermott folds
xxKIMPxx folds
sabre_laser calls 20
JCRoadRunner checks
*** FLOP *** [3s Kc Jc]
sabre_laser bets 80
JCRoadRunner folds
sabre_laser collected 160 from pot
*** SUMMARY ***
Total pot 160 | No rake
Board: [3s Kc Jc]
Seat 5: sabre_laser (small blind) won 160


Winamax Poker - Tournament "Double or Nothing" buyIn: 9,30€ + 0,70€ level: 2 - HandId: #551848141565984769-10-1440446797 - Holdem no limit (20/40) - 2015/08/24 20:06:37 UTC
Table: 'Double or Nothing(128487158)#0' 10-max (real money) Seat #5 is the button
Seat 1: jacaranda (1455)
Seat 3: mc_dermott (1560)
Seat 4: xxKIMPxx (1450)
Seat 5: sabre_laser (2595)
Seat 6: JCRoadRunner (1760)
Seat 7: obiwan37 (1885)
Seat 8: durdanus39 (1430)
Seat 9: Gararepio (1400)
Seat 10: elsenor16430 (1465)
*** ANTE/BLINDS ***
JCRoadRunner posts small blind 20
obiwan37 posts big blind 40
Dealt to sabre_laser [Ac 8h]
*** PRE-FLOP *** 
durdanus39 folds
Gararepio folds
elsenor16430 folds
jacaranda folds
mc_dermott folds
xxKIMPxx folds
sabre_laser raises 60 to 100
JCRoadRunner folds
obiwan37 folds
sabre_laser collected 160 from pot
*** SUMMARY ***
Total pot 160 | No rake
Seat 5: sabre_laser (button) won 160


Winamax Poker - Tournament "Double or Nothing" buyIn: 9,30€ + 0,70€ level: 2 - HandId: #551848141565984769-11-1440446874 - Holdem no limit (20/40) - 2015/08/24 20:07:54 UTC
Table: 'Double or Nothing(128487158)#0' 10-max (real money) Seat #6 is the button
Seat 1: jacaranda (1455)
Seat 3: mc_dermott (1560)
Seat 4: xxKIMPxx (1450)
Seat 5: sabre_laser (2655)
Seat 6: JCRoadRunner (1740)
Seat 7: obiwan37 (1845)
Seat 8: durdanus39 (1430)
Seat 9: Gararepio (1400)
Seat 10: elsenor16430 (1465)
*** ANTE/BLINDS ***
obiwan37 posts small blind 20
durdanus39 posts big blind 40
Dealt to sabre_laser [Th 9h]
*** PRE-FLOP *** 
Gararepio raises 60 to 100
elsenor16430 calls 100
jacaranda folds
mc_dermott folds
xxKIMPxx folds
sabre_laser folds
JCRoadRunner folds
obiwan37 folds
durdanus39 calls 60
*** FLOP *** [Kc 8h Ad]
durdanus39 checks
Gararepio checks
elsenor16430 checks
*** TURN *** [Kc 8h Ad][3d]
durdanus39 bets 213
Gararepio folds
elsenor16430 folds
durdanus39 collected 533 from pot
*** SUMMARY ***
Total pot 533 | No rake
Board: [Kc 8h Ad 3d]
Seat 8: durdanus39 (big blind) won 533


Winamax Poker - Tournament "Double or Nothing" buyIn: 9,30€ + 0,70€ level: 3 - HandId: #551848141565984769-12-1440446977 - Holdem no limit (30/60) - 2015/08/24 20:09:37 UTC
Table: 'Double or Nothing(128487158)#0' 10-max (real money) Seat #7 is the button
Seat 1: jacaranda (1455)
Seat 3: mc_dermott (1560)
Seat 4: xxKIMPxx (1450)
Seat 5: sabre_laser (2655)
Seat 6: JCRoadRunner (1740)
Seat 7: obiwan37 (1825)
Seat 8: durdanus39 (1650)
Seat 9: Gararepio (1300)
Seat 10: elsenor16430 (1365)
*** ANTE/BLINDS ***
durdanus39 posts small blind 30
Gararepio posts big blind 60
Dealt to sabre_laser [4c 5c]
*** PRE-FLOP *** 
elsenor16430 raises 119 to 179
jacaranda folds
mc_dermott folds
xxKIMPxx folds
sabre_laser folds
JCRoadRunner folds
obiwan37 folds
durdanus39 folds
Gararepio folds
elsenor16430 collected 269 from pot
*** SUMMARY ***
Total pot 269 | No rake
Seat 10: elsenor16430 won 269


Winamax Poker - Tournament "Double or Nothing" buyIn: 9,30€ + 0,70€ level: 3 - HandId: #551848141565984769-13-1440447029 - Holdem no limit (30/60) - 2015/08/24 20:10:29 UTC
Table: 'Double or Nothing(128487158)#0' 10-max (real money) Seat #8 is the button
Seat 1: jacaranda (1455)
Seat 3: mc_dermott (1560)
Seat 4: xxKIMPxx (1450)
Seat 5: sabre_laser (2655)
Seat 6: JCRoadRunner (1740)
Seat 7: obiwan37 (1825)
Seat 8: durdanus39 (1620)
Seat 9: Gararepio (1240)
Seat 10: elsenor16430 (1455)
*** ANTE/BLINDS ***
Gararepio posts small blind 30
elsenor16430 posts big blind 60
Dealt to sabre_laser [5s 8s]
*** PRE-FLOP *** 
jacaranda folds
mc_dermott folds
xxKIMPxx folds
sabre_laser folds
JCRoadRunner folds
obiwan37 folds
durdanus39 folds
Gararepio folds
elsenor16430 collected 90 from pot
*** SUMMARY ***
Total pot 90 | No rake
Seat 10: elsenor16430 (big blind) won 90


Winamax Poker - Tournament "Double or Nothing" buyIn: 9,30€ + 0,70€ level: 3 - HandId: #551848141565984769-14-1440447052 - Holdem no limit (30/60) - 2015/08/24 20:10:52 UTC
Table: 'Double or Nothing(128487158)#0' 10-max (real money) Seat #9 is the button
Seat 1: jacaranda (1455)
Seat 3: mc_dermott (1560)
Seat 4: xxKIMPxx (1450)
Seat 5: sabre_laser (2655)
Seat 6: JCRoadRunner (1740)
Seat 7: obiwan37 (1825)
Seat 8: durdanus39 (1620)
Seat 9: Gararepio (1210)
Seat 10: elsenor16430 (1485)
*** ANTE/BLINDS ***
elsenor16430 posts small blind 30
jacaranda posts big blind 60
Dealt to sabre_laser [5h 3h]
*** PRE-FLOP *** 
mc_dermott folds
xxKIMPxx folds
sabre_laser folds
JCRoadRunner raises 60 to 120
obiwan37 folds
durdanus39 folds
Gararepio folds
elsenor16430 folds
jacaranda calls 60
*** FLOP *** [Js 6d 8h]
jacaranda checks
JCRoadRunner bets 135
jacaranda folds
JCRoadRunner collected 405 from pot
*** SUMMARY ***
Total pot 405 | No rake
Board: [Js 6d 8h]
Seat 6: JCRoadRunner won 405


Winamax Poker - Tournament "Double or Nothing" buyIn: 9,30€ + 0,70€ level: 3 - HandId: #551848141565984769-15-1440447112 - Holdem no limit (30/60) - 2015/08/24 20:11:52 UTC
Table: 'Double or Nothing(128487158)#0' 10-max (real money) Seat #10 is the button
Seat 1: jacaranda (1335)
Seat 3: mc_dermott (1560)
Seat 4: xxKIMPxx (1450)
Seat 5: sabre_laser (2655)
Seat 6: JCRoadRunner (1890)
Seat 7: obiwan37 (1825)
Seat 8: durdanus39 (1620)
Seat 9: Gararepio (1210)
Seat 10: elsenor16430 (1455)
*** ANTE/BLINDS ***
jacaranda posts small blind 30
mc_dermott posts big blind 60
Dealt to sabre_laser [9c 2s]
*** PRE-FLOP *** 
xxKIMPxx folds
sabre_laser folds
JCRoadRunner raises 120 to 180
obiwan37 folds
durdanus39 folds
Gararepio raises 1030 to 1210 and is all-in
elsenor16430 folds
jacaranda folds
mc_dermott folds
JCRoadRunner folds
Gararepio collected 1480 from pot
*** SUMMARY ***
Total pot 1480 | No rake
Seat 9: Gararepio won 1480


Winamax Poker - Tournament "Double or Nothing" buyIn: 9,30€ + 0,70€ level: 3 - HandId: #551848141565984769-16-1440447166 - Holdem no limit (30/60) - 2015/08/24 20:12:46 UTC
Table: 'Double or Nothing(128487158)#0' 10-max (real money) Seat #1 is the button
Seat 1: jacaranda (1305)
Seat 3: mc_dermott (1500)
Seat 4: xxKIMPxx (1450)
Seat 5: sabre_laser (2655)
Seat 6: JCRoadRunner (1710)
Seat 7: obiwan37 (1825)
Seat 8: durdanus39 (1620)
Seat 9: Gararepio (1480)
Seat 10: elsenor16430 (1455)
*** ANTE/BLINDS ***
mc_dermott posts small blind 30
xxKIMPxx posts big blind 60
Dealt to sabre_laser [Jc 4s]
*** PRE-FLOP *** 
sabre_laser folds
JCRoadRunner folds
obiwan37 folds
durdanus39 folds
Gararepio folds
elsenor16430 folds
jacaranda raises 60 to 120
mc_dermott calls 90
xxKIMPxx folds
*** FLOP *** [Ac 8c 8h]
mc_dermott checks
jacaranda checks
*** TURN *** [Ac 8c 8h][Kd]
mc_dermott checks
jacaranda bets 60
mc_dermott calls 60
*** RIVER *** [Ac 8c 8h Kd][As]
mc_dermott checks
jacaranda checks
*** SHOW DOWN ***
mc_dermott shows [7h Th] (Two pairs : Aces and 8)
jacaranda shows [Qs Kc] (Two pairs : Aces and Kings)
jacaranda collected 420 from pot
*** SUMMARY ***
Total pot 420 | No rake
Board: [Ac 8c 8h Kd As]
Seat 1: jacaranda (button) showed [Qs Kc] and won 420 with Two pairs : Aces and Kings
Seat 3: mc_dermott (small blind) showed [7h Th] and lost with Two pairs : Aces and 8


Winamax Poker - Tournament "Double or Nothing" buyIn: 9,30€ + 0,70€ level: 3 - HandId: #551848141565984769-17-1440447240 - Holdem no limit (30/60) - 2015/08/24 20:14:00 UTC
Table: 'Double or Nothing(128487158)#0' 10-max (real money) Seat #3 is the button
Seat 1: jacaranda (1545)
Seat 3: mc_dermott (1320)
Seat 4: xxKIMPxx (1390)
Seat 5: sabre_laser (2655)
Seat 6: JCRoadRunner (1710)
Seat 7: obiwan37 (1825)
Seat 8: durdanus39 (1620)
Seat 9: Gararepio (1480)
Seat 10: elsenor16430 (1455)
*** ANTE/BLINDS ***
xxKIMPxx posts small blind 30
sabre_laser posts big blind 60
Dealt to sabre_laser [7c Jd]
*** PRE-FLOP *** 
JCRoadRunner folds
obiwan37 folds
durdanus39 folds
Gararepio folds
elsenor16430 folds
jacaranda folds
mc_dermott folds
xxKIMPxx folds
sabre_laser collected 90 from pot
*** SUMMARY ***
Total pot 90 | No rake
Seat 5: sabre_laser (big blind) won 90


Winamax Poker - Tournament "Double or Nothing" buyIn: 9,30€ + 0,70€ level: 3 - HandId: #551848141565984769-18-1440447296 - Holdem no limit (30/60) - 2015/08/24 20:14:56 UTC
Table: 'Double or Nothing(128487158)#0' 10-max (real money) Seat #4 is the button
Seat 1: jacaranda (1545)
Seat 3: mc_dermott (1320)
Seat 4: xxKIMPxx (1360)
Seat 5: sabre_laser (2685)
Seat 6: JCRoadRunner (1710)
Seat 7: obiwan37 (1825)
Seat 8: durdanus39 (1620)
Seat 9: Gararepio (1480)
Seat 10: elsenor16430 (1455)
*** ANTE/BLINDS ***
sabre_laser posts small blind 30
JCRoadRunner posts big blind 60
Dealt to sabre_laser [Ah Qc]
*** PRE-FLOP *** 
obiwan37 folds
durdanus39 folds
Gararepio folds
elsenor16430 folds
jacaranda folds
mc_dermott folds
xxKIMPxx raises 240 to 300
sabre_laser raises 240 to 540
JCRoadRunner folds
xxKIMPxx calls 240
*** FLOP *** [5c Jc 7d]
sabre_laser bets 2145 and is all-in
xxKIMPxx calls 820 and is all-in
*** TURN *** [5c Jc 7d][2d]
*** RIVER *** [5c Jc 7d 2d][3d]
*** SHOW DOWN ***
xxKIMPxx shows [As Jd] (One pair : Jacks)
sabre_laser shows [Ah Qc] (High card : Ace)
sabre_laser collected 1325 from side pot 1
xxKIMPxx collected 2780 from main pot
*** SUMMARY ***
Total pot 4105 | No rake
Board: [5c Jc 7d 2d 3d]
Seat 4: xxKIMPxx (button) showed [As Jd] and won 2780 with One pair : Jacks
Seat 5: sabre_laser (small blind) showed [Ah Qc] and won 1325 with High card : Ace


Winamax Poker - Tournament "Double or Nothing" buyIn: 9,30€ + 0,70€ level: 4 - HandId: #551848141565984769-19-1440447359 - Holdem no limit (40/80) - 2015/08/24 20:15:59 UTC
Table: 'Double or Nothing(128487158)#0' 10-max (real money) Seat #5 is the button
Seat 1: jacaranda (1545)
Seat 3: mc_dermott (1320)
Seat 4: xxKIMPxx (2780)
Seat 5: sabre_laser (1325)
Seat 6: JCRoadRunner (1650)
Seat 7: obiwan37 (1825)
Seat 8: durdanus39 (1620)
Seat 9: Gararepio (1480)
Seat 10: elsenor16430 (1455)
*** ANTE/BLINDS ***
JCRoadRunner posts small blind 40
obiwan37 posts big blind 80
Dealt to sabre_laser [2d Qh]
*** PRE-FLOP *** 
durdanus39 folds
Gararepio folds
elsenor16430 folds
jacaranda folds
mc_dermott raises 1240 to 1320 and is all-in
xxKIMPxx folds
sabre_laser folds
JCRoadRunner folds
obiwan37 folds
mc_dermott collected 1440 from pot
*** SUMMARY ***
Total pot 1440 | No rake
Seat 3: mc_dermott won 1440


Winamax Poker - Tournament "Double or Nothing" buyIn: 9,30€ + 0,70€ level: 4 - HandId: #551848141565984769-20-1440447381 - Holdem no limit (40/80) - 2015/08/24 20:16:21 UTC
Table: 'Double or Nothing(128487158)#0' 10-max (real money) Seat #6 is the button
Seat 1: jacaranda (1545)
Seat 3: mc_dermott (1440)
Seat 4: xxKIMPxx (2780)
Seat 5: sabre_laser (1325)
Seat 6: JCRoadRunner (1610)
Seat 7: obiwan37 (1745)
Seat 8: durdanus39 (1620)
Seat 9: Gararepio (1480)
Seat 10: elsenor16430 (1455)
*** ANTE/BLINDS ***
obiwan37 posts small blind 40
durdanus39 posts big blind 80
Dealt to sabre_laser [Kh 5d]
*** PRE-FLOP *** 
Gararepio folds
elsenor16430 folds
jacaranda folds
mc_dermott raises 1360 to 1440 and is all-in
xxKIMPxx folds
sabre_laser folds
JCRoadRunner folds
obiwan37 folds
durdanus39 folds
mc_dermott collected 1560 from pot
*** SUMMARY ***
Total pot 1560 | No rake
Seat 3: mc_dermott won 1560


Winamax Poker - Tournament "Double or Nothing" buyIn: 9,30€ + 0,70€ level: 4 - HandId: #551848141565984769-21-1440447403 - Holdem no limit (40/80) - 2015/08/24 20:16:43 UTC
Table: 'Double or Nothing(128487158)#0' 10-max (real money) Seat #7 is the button
Seat 1: jacaranda (1545)
Seat 3: mc_dermott (1560)
Seat 4: xxKIMPxx (2780)
Seat 5: sabre_laser (1325)
Seat 6: JCRoadRunner (1610)
Seat 7: obiwan37 (1705)
Seat 8: durdanus39 (1540)
Seat 9: Gararepio (1480)
Seat 10: elsenor16430 (1455)
*** ANTE/BLINDS ***
durdanus39 posts small blind 40
Gararepio posts big blind 80
Dealt to sabre_laser [5c 6d]
*** PRE-FLOP *** 
elsenor16430 folds
jacaranda folds
mc_dermott folds
xxKIMPxx folds
sabre_laser folds
JCRoadRunner folds
obiwan37 folds
durdanus39 raises 80 to 160
Gararepio calls 80
*** FLOP *** [Qc 9s Kh]
durdanus39 checks
Gararepio bets 120
durdanus39 folds
Gararepio collected 440 from pot
*** SUMMARY ***
Total pot 440 | No rake
Board: [Qc 9s Kh]
Seat 9: Gararepio (big blind) won 440


Winamax Poker - Tournament "Double or Nothing" buyIn: 9,30€ + 0,70€ level: 4 - HandId: #551848141565984769-22-1440447505 - Holdem no limit (40/80) - 2015/08/24 20:18:25 UTC
Table: 'Double or Nothing(128487158)#0' 10-max (real money) Seat #8 is the button
Seat 1: jacaranda (1545)
Seat 3: mc_dermott (1560)
Seat 4: xxKIMPxx (2780)
Seat 5: sabre_laser (1325)
Seat 6: JCRoadRunner (1610)
Seat 7: obiwan37 (1705)
Seat 8: durdanus39 (1380)
Seat 9: Gararepio (1640)
Seat 10: elsenor16430 (1455)
*** ANTE/BLINDS ***
Gararepio posts small blind 40
elsenor16430 posts big blind 80
Dealt to sabre_laser [Ts 7c]
*** PRE-FLOP *** 
jacaranda calls 80
mc_dermott folds
xxKIMPxx folds
sabre_laser folds
JCRoadRunner folds
obiwan37 folds
durdanus39 folds
Gararepio folds
elsenor16430 checks
*** FLOP *** [4h Ad 3s]
elsenor16430 checks
jacaranda bets 80
elsenor16430 folds
jacaranda collected 280 from pot
*** SUMMARY ***
Total pot 280 | No rake
Board: [4h Ad 3s]
Seat 1: jacaranda won 280


Winamax Poker - Tournament "Double or Nothing" buyIn: 9,30€ + 0,70€ level: 4 - HandId: #551848141565984769-23-1440447574 - Holdem no limit (40/80) - 2015/08/24 20:19:34 UTC
Table: 'Double or Nothing(128487158)#0' 10-max (real money) Seat #9 is the button
Seat 1: jacaranda (1665)
Seat 3: mc_dermott (1560)
Seat 4: xxKIMPxx (2780)
Seat 5: sabre_laser (1325)
Seat 6: JCRoadRunner (1610)
Seat 7: obiwan37 (1705)
Seat 8: durdanus39 (1380)
Seat 9: Gararepio (1600)
Seat 10: elsenor16430 (1375)
*** ANTE/BLINDS ***
elsenor16430 posts small blind 40
jacaranda posts big blind 80
Dealt to sabre_laser [5s 4c]
*** PRE-FLOP *** 
mc_dermott folds
xxKIMPxx folds
sabre_laser folds
JCRoadRunner calls 80
obiwan37 folds
durdanus39 folds
Gararepio folds
elsenor16430 folds
jacaranda checks
*** FLOP *** [Ks 6s 5d]
jacaranda checks
JCRoadRunner bets 100
jacaranda folds
JCRoadRunner collected 300 from pot
*** SUMMARY ***
Total pot 300 | No rake
Board: [Ks 6s 5d]
Seat 6: JCRoadRunner won 300


Winamax Poker - Tournament "Double or Nothing" buyIn: 9,30€ + 0,70€ level: 5 - HandId: #551848141565984769-24-1440447679 - Holdem no limit (60/120) - 2015/08/24 20:21:19 UTC
Table: 'Double or Nothing(128487158)#0' 10-max (real money) Seat #10 is the button
Seat 1: jacaranda (1585)
Seat 3: mc_dermott (1560)
Seat 4: xxKIMPxx (2780)
Seat 5: sabre_laser (1325)
Seat 6: JCRoadRunner (1730)
Seat 7: obiwan37 (1705)
Seat 8: durdanus39 (1380)
Seat 9: Gararepio (1600)
Seat 10: elsenor16430 (1335)
*** ANTE/BLINDS ***
jacaranda posts small blind 60
mc_dermott posts big blind 120
Dealt to sabre_laser [Qh 3c]
*** PRE-FLOP *** 
xxKIMPxx folds
sabre_laser folds
JCRoadRunner folds
obiwan37 folds
durdanus39 folds
Gararepio folds
elsenor16430 folds
jacaranda folds
mc_dermott collected 180 from pot
*** SUMMARY ***
Total pot 180 | No rake
Seat 3: mc_dermott (big blind) won 180


Winamax Poker - Tournament "Double or Nothing" buyIn: 9,30€ + 0,70€ level: 5 - HandId: #551848141565984769-25-1440447732 - Holdem no limit (60/120) - 2015/08/24 20:22:12 UTC
Table: 'Double or Nothing(128487158)#0' 10-max (real money) Seat #1 is the button
Seat 1: jacaranda (1525)
Seat 3: mc_dermott (1620)
Seat 4: xxKIMPxx (2780)
Seat 5: sabre_laser (1325)
Seat 6: JCRoadRunner (1730)
Seat 7: obiwan37 (1705)
Seat 8: durdanus39 (1380)
Seat 9: Gararepio (1600)
Seat 10: elsenor16430 (1335)
*** ANTE/BLINDS ***
mc_dermott posts small blind 60
xxKIMPxx posts big blind 120
Dealt to sabre_laser [Jh Ks]
*** PRE-FLOP *** 
sabre_laser folds
JCRoadRunner folds
obiwan37 raises 1585 to 1705 and is all-in
durdanus39 folds
Gararepio folds
elsenor16430 folds
jacaranda calls 1525 and is all-in
mc_dermott calls 1560 and is all-in
xxKIMPxx folds
*** FLOP *** [9s Qc 4c]
*** TURN *** [9s Qc 4c][4d]
*** RIVER *** [9s Qc 4c 4d][Qd]
*** SHOW DOWN ***
jacaranda shows [Ac Ah] (Two pairs : Aces and Queens)
mc_dermott shows [Kc Qh] (Full of Queens and 4)
obiwan37 shows [As Qs] (Full of Queens and 4)
obiwan37 collected 2528 from side pot 1
mc_dermott collected 2442 from main pot
*** SUMMARY ***
Total pot 4970 | No rake
Board: [9s Qc 4c 4d Qd]
Seat 1: jacaranda (button) showed [Ac Ah] and lost with Two pairs : Aces and Queens
Seat 3: mc_dermott (small blind) showed [Kc Qh] and won 2442 with Full of Queens and 4
Seat 7: obiwan37 showed [As Qs] and won 2528 with Full of Queens and 4


Winamax Poker - Tournament "Double or Nothing" buyIn: 9,30€ + 0,70€ level: 5 - HandId: #551848141565984769-26-1440447779 - Holdem no limit (60/120) - 2015/08/24 20:22:59 UTC
Table: 'Double or Nothing(128487158)#0' 10-max (real money) Seat #3 is the button
Seat 3: mc_dermott (2442)
Seat 4: xxKIMPxx (2660)
Seat 5: sabre_laser (1325)
Seat 6: JCRoadRunner (1730)
Seat 7: obiwan37 (2528)
Seat 8: durdanus39 (1380)
Seat 9: Gararepio (1600)
Seat 10: elsenor16430 (1335)
*** ANTE/BLINDS ***
xxKIMPxx posts small blind 60
sabre_laser posts big blind 120
Dealt to sabre_laser [Ts Jc]
*** PRE-FLOP *** 
JCRoadRunner folds
obiwan37 raises 120 to 240
durdanus39 folds
Gararepio folds
elsenor16430 folds
mc_dermott folds
xxKIMPxx folds
sabre_laser calls 120
*** FLOP *** [6h 8d 9h]
sabre_laser checks
obiwan37 bets 240
sabre_laser calls 240
*** TURN *** [6h 8d 9h][7s]
sabre_laser checks
obiwan37 checks
*** RIVER *** [6h 8d 9h 7s][Js]
sabre_laser bets 240
obiwan37 calls 240
*** SHOW DOWN ***
obiwan37 shows [7h 7d] (Trips of 7)
sabre_laser shows [Ts Jc] (Straight Jack high)
sabre_laser collected 1500 from pot
*** SUMMARY ***
Total pot 1500 | No rake
Board: [6h 8d 9h 7s Js]
Seat 5: sabre_laser (big blind) showed [Ts Jc] and won 1500 with Straight Jack high
Seat 7: obiwan37 showed [7h 7d] and lost with Trips of 7


Winamax Poker - Tournament "Double or Nothing" buyIn: 9,30€ + 0,70€ level: 5 - HandId: #551848141565984769-27-1440447854 - Holdem no limit (60/120) - 2015/08/24 20:24:14 UTC
Table: 'Double or Nothing(128487158)#0' 10-max (real money) Seat #4 is the button
Seat 3: mc_dermott (2442)
Seat 4: xxKIMPxx (2600)
Seat 5: sabre_laser (2105)
Seat 6: JCRoadRunner (1730)
Seat 7: obiwan37 (1808)
Seat 8: durdanus39 (1380)
Seat 9: Gararepio (1600)
Seat 10: elsenor16430 (1335)
*** ANTE/BLINDS ***
sabre_laser posts small blind 60
JCRoadRunner posts big blind 120
Dealt to sabre_laser [8h 5h]
*** PRE-FLOP *** 
obiwan37 raises 120 to 240
durdanus39 folds
Gararepio folds
elsenor16430 folds
mc_dermott folds
xxKIMPxx folds
sabre_laser folds
JCRoadRunner calls 120
*** FLOP *** [4s 2s 9h]
JCRoadRunner bets 270
obiwan37 folds
JCRoadRunner collected 810 from pot
*** SUMMARY ***
Total pot 810 | No rake
Board: [4s 2s 9h]
Seat 6: JCRoadRunner (big blind) won 810


Winamax Poker - Tournament "Double or Nothing" buyIn: 9,30€ + 0,70€ level: 5 - HandId: #551848141565984769-28-1440447913 - Holdem no limit (60/120) - 2015/08/24 20:25:13 UTC
Table: 'Double or Nothing(128487158)#0' 10-max (real money) Seat #5 is the button
Seat 3: mc_dermott (2442)
Seat 4: xxKIMPxx (2600)
Seat 5: sabre_laser (2045)
Seat 6: JCRoadRunner (2030)
Seat 7: obiwan37 (1568)
Seat 8: durdanus39 (1380)
Seat 9: Gararepio (1600)
Seat 10: elsenor16430 (1335)
*** ANTE/BLINDS ***
JCRoadRunner posts small blind 60
obiwan37 posts big blind 120
Dealt to sabre_laser [6c 7c]
*** PRE-FLOP *** 
durdanus39 folds
Gararepio folds
elsenor16430 folds
mc_dermott folds
xxKIMPxx folds
sabre_laser folds
JCRoadRunner raises 120 to 240
obiwan37 folds
JCRoadRunner collected 360 from pot
*** SUMMARY ***
Total pot 360 | No rake
Seat 6: JCRoadRunner (small blind) won 360


Winamax Poker - Tournament "Double or Nothing" buyIn: 9,30€ + 0,70€ level: 5 - HandId: #551848141565984769-29-1440447985 - Holdem no limit (60/120) - 2015/08/24 20:26:25 UTC
Table: 'Double or Nothing(128487158)#0' 10-max (real money) Seat #6 is the button
Seat 3: mc_dermott (2442)
Seat 4: xxKIMPxx (2600)
Seat 5: sabre_laser (2045)
Seat 6: JCRoadRunner (2150)
Seat 7: obiwan37 (1448)
Seat 8: durdanus39 (1380)
Seat 9: Gararepio (1600)
Seat 10: elsenor16430 (1335)
*** ANTE/BLINDS ***
obiwan37 posts small blind 60
durdanus39 posts big blind 120
Dealt to sabre_laser [9h 8d]
*** PRE-FLOP *** 
Gararepio folds
elsenor16430 folds
mc_dermott folds
xxKIMPxx folds
sabre_laser folds
JCRoadRunner folds
obiwan37 calls 60
durdanus39 checks
*** FLOP *** [6h 7c 7d]
obiwan37 checks
durdanus39 checks
*** TURN *** [6h 7c 7d][2c]
obiwan37 bets 180
durdanus39 folds
obiwan37 collected 420 from pot
*** SUMMARY ***
Total pot 420 | No rake
Board: [6h 7c 7d 2c]
Seat 7: obiwan37 (small blind) won 420


Winamax Poker - Tournament "Double or Nothing" buyIn: 9,30€ + 0,70€ level: 6 - HandId: #551848141565984769-30-1440448076 - Holdem no limit (80/160) - 2015/08/24 20:27:56 UTC
Table: 'Double or Nothing(128487158)#0' 10-max (real money) Seat #7 is the button
Seat 3: mc_dermott (2442)
Seat 4: xxKIMPxx (2600)
Seat 5: sabre_laser (2045)
Seat 6: JCRoadRunner (2150)
Seat 7: obiwan37 (1568)
Seat 8: durdanus39 (1260)
Seat 9: Gararepio (1600)
Seat 10: elsenor16430 (1335)
*** ANTE/BLINDS ***
durdanus39 posts small blind 80
Gararepio posts big blind 160
Dealt to sabre_laser [Ah As]
*** PRE-FLOP *** 
elsenor16430 folds
mc_dermott folds
xxKIMPxx folds
sabre_laser raises 160 to 320
JCRoadRunner folds
obiwan37 folds
durdanus39 folds
Gararepio folds
sabre_laser collected 560 from pot
*** SUMMARY ***
Total pot 560 | No rake
Seat 5: sabre_laser won 560


Winamax Poker - Tournament "Double or Nothing" buyIn: 9,30€ + 0,70€ level: 6 - HandId: #551848141565984769-31-1440448136 - Holdem no limit (80/160) - 2015/08/24 20:28:56 UTC
Table: 'Double or Nothing(128487158)#0' 10-max (real money) Seat #8 is the button
Seat 3: mc_dermott (2442)
Seat 4: xxKIMPxx (2600)
Seat 5: sabre_laser (2285)
Seat 6: JCRoadRunner (2150)
Seat 7: obiwan37 (1568)
Seat 8: durdanus39 (1180)
Seat 9: Gararepio (1440)
Seat 10: elsenor16430 (1335)
*** ANTE/BLINDS ***
Gararepio posts small blind 80
elsenor16430 posts big blind 160
Dealt to sabre_laser [3c 2h]
*** PRE-FLOP *** 
mc_dermott calls 160
xxKIMPxx folds
sabre_laser folds
JCRoadRunner folds
obiwan37 folds
durdanus39 folds
Gararepio folds
elsenor16430 checks
*** FLOP *** [8c 6c Ac]
elsenor16430 checks
mc_dermott checks
*** TURN *** [8c 6c Ac][4h]
elsenor16430 checks
mc_dermott checks
*** RIVER *** [8c 6c Ac 4h][4d]
elsenor16430 checks
mc_dermott checks
*** SHOW DOWN ***
elsenor16430 shows [Js 6h] (Two pairs : 6 and 4)
mc_dermott shows [Ks Ah] (Two pairs : Aces and 4)
mc_dermott collected 400 from pot
*** SUMMARY ***
Total pot 400 | No rake
Board: [8c 6c Ac 4h 4d]
Seat 3: mc_dermott showed [Ks Ah] and won 400 with Two pairs : Aces and 4
Seat 10: elsenor16430 (big blind) showed [Js 6h] and lost with Two pairs : 6 and 4


Winamax Poker - Tournament "Double or Nothing" buyIn: 9,30€ + 0,70€ level: 6 - HandId: #551848141565984769-32-1440448200 - Holdem no limit (80/160) - 2015/08/24 20:30:00 UTC
Table: 'Double or Nothing(128487158)#0' 10-max (real money) Seat #9 is the button
Seat 3: mc_dermott (2682)
Seat 4: xxKIMPxx (2600)
Seat 5: sabre_laser (2285)
Seat 6: JCRoadRunner (2150)
Seat 7: obiwan37 (1568)
Seat 8: durdanus39 (1180)
Seat 9: Gararepio (1360)
Seat 10: elsenor16430 (1175)
*** ANTE/BLINDS ***
elsenor16430 posts small blind 80
mc_dermott posts big blind 160
Dealt to sabre_laser [9d 3h]
*** PRE-FLOP *** 
xxKIMPxx folds
sabre_laser folds
JCRoadRunner calls 160
obiwan37 folds
durdanus39 folds
Gararepio folds
elsenor16430 raises 1015 to 1175 and is all-in
mc_dermott folds
JCRoadRunner folds
elsenor16430 collected 1495 from pot
*** SUMMARY ***
Total pot 1495 | No rake
Seat 10: elsenor16430 (small blind) won 1495


Winamax Poker - Tournament "Double or Nothing" buyIn: 9,30€ + 0,70€ level: 6 - HandId: #551848141565984769-33-1440448250 - Holdem no limit (80/160) - 2015/08/24 20:30:50 UTC
Table: 'Double or Nothing(128487158)#0' 10-max (real money) Seat #10 is the button
Seat 3: mc_dermott (2522)
Seat 4: xxKIMPxx (2600)
Seat 5: sabre_laser (2285)
Seat 6: JCRoadRunner (1990)
Seat 7: obiwan37 (1568)
Seat 8: durdanus39 (1180)
Seat 9: Gararepio (1360)
Seat 10: elsenor16430 (1495)
*** ANTE/BLINDS ***
mc_dermott posts small blind 80
xxKIMPxx posts big blind 160
Dealt to sabre_laser [7c 4c]
*** PRE-FLOP *** 
sabre_laser folds
JCRoadRunner folds
obiwan37 folds
durdanus39 folds
Gararepio raises 240 to 400
elsenor16430 folds
mc_dermott calls 320
xxKIMPxx folds
*** FLOP *** [Kh 2d Js]
mc_dermott checks
Gararepio bets 960 and is all-in
mc_dermott calls 960
*** TURN *** [Kh 2d Js][As]
*** RIVER *** [Kh 2d Js As][4h]
*** SHOW DOWN ***
Gararepio shows [6h 5h] (High card : Ace)
mc_dermott shows [Qs Ks] (One pair : Kings)
mc_dermott collected 2880 from pot
*** SUMMARY ***
Total pot 2880 | No rake
Board: [Kh 2d Js As 4h]
Seat 3: mc_dermott (small blind) showed [Qs Ks] and won 2880 with One pair : Kings
Seat 9: Gararepio showed [6h 5h] and lost with High card : Ace


Winamax Poker - Tournament "Double or Nothing" buyIn: 9,30€ + 0,70€ level: 6 - HandId: #551848141565984769-34-1440448310 - Holdem no limit (80/160) - 2015/08/24 20:31:50 UTC
Table: 'Double or Nothing(128487158)#0' 10-max (real money) Seat #3 is the button
Seat 3: mc_dermott (4042)
Seat 4: xxKIMPxx (2440)
Seat 5: sabre_laser (2285)
Seat 6: JCRoadRunner (1990)
Seat 7: obiwan37 (1568)
Seat 8: durdanus39 (1180)
Seat 10: elsenor16430 (1495)
*** ANTE/BLINDS ***
xxKIMPxx posts small blind 80
sabre_laser posts big blind 160
Dealt to sabre_laser [Td Ts]
*** PRE-FLOP *** 
JCRoadRunner folds
obiwan37 folds
durdanus39 raises 1020 to 1180 and is all-in
elsenor16430 folds
mc_dermott folds
xxKIMPxx folds
sabre_laser calls 1020
*** FLOP *** [2d 9s 2h]
*** TURN *** [2d 9s 2h][As]
*** RIVER *** [2d 9s 2h As][4c]
*** SHOW DOWN ***
sabre_laser shows [Td Ts] (Two pairs : Tens and 2)
durdanus39 shows [4s 4h] (Full of 4 and 2)
durdanus39 collected 2440 from pot
*** SUMMARY ***
Total pot 2440 | No rake
Board: [2d 9s 2h As 4c]
Seat 5: sabre_laser (big blind) showed [Td Ts] and lost with Two pairs : Tens and 2
Seat 8: durdanus39 showed [4s 4h] and won 2440 with Full of 4 and 2


Winamax Poker - Tournament "Double or Nothing" buyIn: 9,30€ + 0,70€ level: 6 - HandId: #551848141565984769-35-1440448374 - Holdem no limit (80/160) - 2015/08/24 20:32:54 UTC
Table: 'Double or Nothing(128487158)#0' 10-max (real money) Seat #4 is the button
Seat 3: mc_dermott (4042)
Seat 4: xxKIMPxx (2360)
Seat 5: sabre_laser (1105)
Seat 6: JCRoadRunner (1990)
Seat 7: obiwan37 (1568)
Seat 8: durdanus39 (2440)
Seat 10: elsenor16430 (1495)
*** ANTE/BLINDS ***
sabre_laser posts small blind 80
JCRoadRunner posts big blind 160
Dealt to sabre_laser [9s 6c]
*** PRE-FLOP *** 
obiwan37 folds
durdanus39 folds
elsenor16430 folds
mc_dermott folds
xxKIMPxx folds
sabre_laser folds
JCRoadRunner collected 240 from pot
*** SUMMARY ***
Total pot 240 | No rake
Seat 6: JCRoadRunner (big blind) won 240


Winamax Poker - Tournament "Double or Nothing" buyIn: 9,30€ + 0,70€ level: 7 - HandId: #551848141565984769-36-1440448409 - Holdem no limit (10/100/200) - 2015/08/24 20:33:29 UTC
Table: 'Double or Nothing(128487158)#0' 10-max (real money) Seat #5 is the button
Seat 3: mc_dermott (4042)
Seat 4: xxKIMPxx (2360)
Seat 5: sabre_laser (1025)
Seat 6: JCRoadRunner (2070)
Seat 7: obiwan37 (1568)
Seat 8: durdanus39 (2440)
Seat 10: elsenor16430 (1495)
*** ANTE/BLINDS ***
JCRoadRunner posts ante 10
obiwan37 posts ante 10
mc_dermott posts ante 10
xxKIMPxx posts ante 10
sabre_laser posts ante 10
durdanus39 posts ante 10
elsenor16430 posts ante 10
JCRoadRunner posts small blind 100
obiwan37 posts big blind 200
Dealt to sabre_laser [Qc 7c]
*** PRE-FLOP *** 
durdanus39 folds
elsenor16430 folds
mc_dermott folds
xxKIMPxx raises 2150 to 2350 and is all-in
sabre_laser folds
JCRoadRunner folds
obiwan37 folds
xxKIMPxx collected 2720 from pot
*** SUMMARY ***
Total pot 2720 | No rake
Seat 4: xxKIMPxx won 2720


Winamax Poker - Tournament "Double or Nothing" buyIn: 9,30€ + 0,70€ level: 7 - HandId: #551848141565984769-37-1440448442 - Holdem no limit (10/100/200) - 2015/08/24 20:34:02 UTC
Table: 'Double or Nothing(128487158)#0' 10-max (real money) Seat #6 is the button
Seat 3: mc_dermott (4032)
Seat 4: xxKIMPxx (2720)
Seat 5: sabre_laser (1015)
Seat 6: JCRoadRunner (1960)
Seat 7: obiwan37 (1358)
Seat 8: durdanus39 (2430)
Seat 10: elsenor16430 (1485)
*** ANTE/BLINDS ***
obiwan37 posts ante 10
durdanus39 posts ante 10
mc_dermott posts ante 10
xxKIMPxx posts ante 10
sabre_laser posts ante 10
JCRoadRunner posts ante 10
elsenor16430 posts ante 10
obiwan37 posts small blind 100
durdanus39 posts big blind 200
Dealt to sabre_laser [7h 9h]
*** PRE-FLOP *** 
elsenor16430 raises 1275 to 1475 and is all-in
mc_dermott folds
xxKIMPxx folds
sabre_laser folds
JCRoadRunner folds
obiwan37 folds
durdanus39 folds
elsenor16430 collected 1845 from pot
*** SUMMARY ***
Total pot 1845 | No rake
Seat 10: elsenor16430 won 1845


Winamax Poker - Tournament "Double or Nothing" buyIn: 9,30€ + 0,70€ level: 7 - HandId: #551848141565984769-38-1440448461 - Holdem no limit (10/100/200) - 2015/08/24 20:34:21 UTC
Table: 'Double or Nothing(128487158)#0' 10-max (real money) Seat #7 is the button
Seat 3: mc_dermott (4022)
Seat 4: xxKIMPxx (2710)
Seat 5: sabre_laser (1005)
Seat 6: JCRoadRunner (1950)
Seat 7: obiwan37 (1248)
Seat 8: durdanus39 (2220)
Seat 10: elsenor16430 (1845)
*** ANTE/BLINDS ***
durdanus39 posts ante 10
elsenor16430 posts ante 10
mc_dermott posts ante 10
xxKIMPxx posts ante 10
sabre_laser posts ante 10
JCRoadRunner posts ante 10
obiwan37 posts ante 10
durdanus39 posts small blind 100
elsenor16430 posts big blind 200
Dealt to sabre_laser [Kd 4d]
*** PRE-FLOP *** 
mc_dermott folds
xxKIMPxx folds
sabre_laser folds
JCRoadRunner folds
obiwan37 folds
durdanus39 raises 2010 to 2210 and is all-in
elsenor16430 folds
durdanus39 collected 2480 from pot
*** SUMMARY ***
Total pot 2480 | No rake
Seat 8: durdanus39 (small blind) won 2480


Winamax Poker - Tournament "Double or Nothing" buyIn: 9,30€ + 0,70€ level: 7 - HandId: #551848141565984769-39-1440448524 - Holdem no limit (10/100/200) - 2015/08/24 20:35:24 UTC
Table: 'Double or Nothing(128487158)#0' 10-max (real money) Seat #8 is the button
Seat 3: mc_dermott (4012)
Seat 4: xxKIMPxx (2700)
Seat 5: sabre_laser (995)
Seat 6: JCRoadRunner (1940)
Seat 7: obiwan37 (1238)
Seat 8: durdanus39 (2480)
Seat 10: elsenor16430 (1635)
*** ANTE/BLINDS ***
elsenor16430 posts ante 10
mc_dermott posts ante 10
xxKIMPxx posts ante 10
sabre_laser posts ante 10
JCRoadRunner posts ante 10
obiwan37 posts ante 10
durdanus39 posts ante 10
elsenor16430 posts small blind 100
mc_dermott posts big blind 200
Dealt to sabre_laser [Ks 3h]
*** PRE-FLOP *** 
xxKIMPxx folds
sabre_laser folds
JCRoadRunner folds
obiwan37 folds
durdanus39 folds
elsenor16430 folds
mc_dermott collected 370 from pot
*** SUMMARY ***
Total pot 370 | No rake
Seat 3: mc_dermott (big blind) won 370


Winamax Poker - Tournament "Double or Nothing" buyIn: 9,30€ + 0,70€ level: 7 - HandId: #551848141565984769-40-1440448552 - Holdem no limit (10/100/200) - 2015/08/24 20:35:52 UTC
Table: 'Double or Nothing(128487158)#0' 10-max (real money) Seat #10 is the button
Seat 3: mc_dermott (4172)
Seat 4: xxKIMPxx (2690)
Seat 5: sabre_laser (985)
Seat 6: JCRoadRunner (1930)
Seat 7: obiwan37 (1228)
Seat 8: durdanus39 (2470)
Seat 10: elsenor16430 (1525)
*** ANTE/BLINDS ***
mc_dermott posts ante 10
xxKIMPxx posts ante 10
sabre_laser posts ante 10
JCRoadRunner posts ante 10
obiwan37 posts ante 10
durdanus39 posts ante 10
elsenor16430 posts ante 10
mc_dermott posts small blind 100
xxKIMPxx posts big blind 200
Dealt to sabre_laser [5c 9d]
*** PRE-FLOP *** 
sabre_laser folds
JCRoadRunner folds
obiwan37 folds
durdanus39 raises 200 to 400
elsenor16430 folds
mc_dermott folds
xxKIMPxx folds
durdanus39 collected 770 from pot
*** SUMMARY ***
Total pot 770 | No rake
Seat 8: durdanus39 won 770


Winamax Poker - Tournament "Double or Nothing" buyIn: 9,30€ + 0,70€ level: 7 - HandId: #551848141565984769-41-1440448594 - Holdem no limit (10/100/200) - 2015/08/24 20:36:34 UTC
Table: 'Double or Nothing(128487158)#0' 10-max (real money) Seat #3 is the button
Seat 3: mc_dermott (4062)
Seat 4: xxKIMPxx (2480)
Seat 5: sabre_laser (975)
Seat 6: JCRoadRunner (1920)
Seat 7: obiwan37 (1218)
Seat 8: durdanus39 (2830)
Seat 10: elsenor16430 (1515)
*** ANTE/BLINDS ***
xxKIMPxx posts ante 10
sabre_laser posts ante 10
mc_dermott posts ante 10
JCRoadRunner posts ante 10
obiwan37 posts ante 10
durdanus39 posts ante 10
elsenor16430 posts ante 10
xxKIMPxx posts small blind 100
sabre_laser posts big blind 200
Dealt to sabre_laser [As Ah]
*** PRE-FLOP *** 
JCRoadRunner folds
obiwan37 folds
durdanus39 folds
elsenor16430 folds
mc_dermott raises 200 to 400
xxKIMPxx folds
sabre_laser raises 565 to 965 and is all-in
mc_dermott calls 565
*** FLOP *** [Jh 5h Th]
*** TURN *** [Jh 5h Th][6s]
*** RIVER *** [Jh 5h Th 6s][7h]
*** SHOW DOWN ***
mc_dermott shows [Td Ts] (Trips of Tens)
sabre_laser shows [As Ah] (Flush Ace high)
sabre_laser collected 2100 from pot
*** SUMMARY ***
Total pot 2100 | No rake
Board: [Jh 5h Th 6s 7h]
Seat 3: mc_dermott (button) showed [Td Ts] and lost with Trips of Tens
Seat 5: sabre_laser (big blind) showed [As Ah] and won 2100 with Flush Ace high


Winamax Poker - Tournament "Double or Nothing" buyIn: 9,30€ + 0,70€ level: 7 - HandId: #551848141565984769-42-1440448631 - Holdem no limit (10/100/200) - 2015/08/24 20:37:11 UTC
Table: 'Double or Nothing(128487158)#0' 10-max (real money) Seat #4 is the button
Seat 3: mc_dermott (3087)
Seat 4: xxKIMPxx (2370)
Seat 5: sabre_laser (2100)
Seat 6: JCRoadRunner (1910)
Seat 7: obiwan37 (1208)
Seat 8: durdanus39 (2820)
Seat 10: elsenor16430 (1505)
*** ANTE/BLINDS ***
sabre_laser posts ante 10
JCRoadRunner posts ante 10
mc_dermott posts ante 10
xxKIMPxx posts ante 10
obiwan37 posts ante 10
durdanus39 posts ante 10
elsenor16430 posts ante 10
sabre_laser posts small blind 100
JCRoadRunner posts big blind 200
Dealt to sabre_laser [7d 4s]
*** PRE-FLOP *** 
obiwan37 folds
durdanus39 folds
elsenor16430 raises 1295 to 1495 and is all-in
mc_dermott folds
xxKIMPxx folds
sabre_laser folds
JCRoadRunner folds
elsenor16430 collected 1865 from pot
*** SUMMARY ***
Total pot 1865 | No rake
Seat 10: elsenor16430 won 1865


Winamax Poker - Tournament "Double or Nothing" buyIn: 9,30€ + 0,70€ level: 7 - HandId: #551848141565984769-43-1440448662 - Holdem no limit (10/100/200) - 2015/08/24 20:37:42 UTC
Table: 'Double or Nothing(128487158)#0' 10-max (real money) Seat #5 is the button
Seat 3: mc_dermott (3077)
Seat 4: xxKIMPxx (2360)
Seat 5: sabre_laser (1990)
Seat 6: JCRoadRunner (1700)
Seat 7: obiwan37 (1198)
Seat 8: durdanus39 (2810)
Seat 10: elsenor16430 (1865)
*** ANTE/BLINDS ***
JCRoadRunner posts ante 10
obiwan37 posts ante 10
mc_dermott posts ante 10
xxKIMPxx posts ante 10
sabre_laser posts ante 10
durdanus39 posts ante 10
elsenor16430 posts ante 10
JCRoadRunner posts small blind 100
obiwan37 posts big blind 200
Dealt to sabre_laser [5c Qs]
*** PRE-FLOP *** 
durdanus39 folds
elsenor16430 folds
mc_dermott folds
xxKIMPxx folds
sabre_laser folds
JCRoadRunner calls 100
obiwan37 raises 988 to 1188 and is all-in
JCRoadRunner folds
obiwan37 collected 1458 from pot
*** SUMMARY ***
Total pot 1458 | No rake
Seat 7: obiwan37 (big blind) won 1458


Winamax Poker - Tournament "Double or Nothing" buyIn: 9,30€ + 0,70€ level: 8 - HandId: #551848141565984769-44-1440448760 - Holdem no limit (20/150/300) - 2015/08/24 20:39:20 UTC
Table: 'Double or Nothing(128487158)#0' 10-max (real money) Seat #6 is the button
Seat 3: mc_dermott (3067)
Seat 4: xxKIMPxx (2350)
Seat 5: sabre_laser (1980)
Seat 6: JCRoadRunner (1490)
Seat 7: obiwan37 (1458)
Seat 8: durdanus39 (2800)
Seat 10: elsenor16430 (1855)
*** ANTE/BLINDS ***
obiwan37 posts ante 20
durdanus39 posts ante 20
mc_dermott posts ante 20
xxKIMPxx posts ante 20
sabre_laser posts ante 20
JCRoadRunner posts ante 20
elsenor16430 posts ante 20
obiwan37 posts small blind 150
durdanus39 posts big blind 300
Dealt to sabre_laser [Ks 3h]
*** PRE-FLOP *** 
elsenor16430 folds
mc_dermott folds
xxKIMPxx folds
sabre_laser folds
JCRoadRunner folds
obiwan37 folds
durdanus39 collected 590 from pot
*** SUMMARY ***
Total pot 590 | No rake
Seat 8: durdanus39 (big blind) won 590


Winamax Poker - Tournament "Double or Nothing" buyIn: 9,30€ + 0,70€ level: 8 - HandId: #551848141565984769-45-1440448788 - Holdem no limit (20/150/300) - 2015/08/24 20:39:48 UTC
Table: 'Double or Nothing(128487158)#0' 10-max (real money) Seat #7 is the button
Seat 3: mc_dermott (3047)
Seat 4: xxKIMPxx (2330)
Seat 5: sabre_laser (1960)
Seat 6: JCRoadRunner (1470)
Seat 7: obiwan37 (1288)
Seat 8: durdanus39 (3070)
Seat 10: elsenor16430 (1835)
*** ANTE/BLINDS ***
durdanus39 posts ante 20
elsenor16430 posts ante 20
mc_dermott posts ante 20
xxKIMPxx posts ante 20
sabre_laser posts ante 20
JCRoadRunner posts ante 20
obiwan37 posts ante 20
durdanus39 posts small blind 150
elsenor16430 posts big blind 300
Dealt to sabre_laser [2d 4s]
*** PRE-FLOP *** 
mc_dermott folds
xxKIMPxx folds
sabre_laser folds
JCRoadRunner folds
obiwan37 folds
durdanus39 folds
elsenor16430 collected 590 from pot
*** SUMMARY ***
Total pot 590 | No rake
Seat 10: elsenor16430 (big blind) won 590


Winamax Poker - Tournament "Double or Nothing" buyIn: 9,30€ + 0,70€ level: 8 - HandId: #551848141565984769-46-1440448840 - Holdem no limit (20/150/300) - 2015/08/24 20:40:40 UTC
Table: 'Double or Nothing(128487158)#0' 10-max (real money) Seat #8 is the button
Seat 3: mc_dermott (3027)
Seat 4: xxKIMPxx (2310)
Seat 5: sabre_laser (1940)
Seat 6: JCRoadRunner (1450)
Seat 7: obiwan37 (1268)
Seat 8: durdanus39 (2900)
Seat 10: elsenor16430 (2105)
*** ANTE/BLINDS ***
elsenor16430 posts ante 20
mc_dermott posts ante 20
xxKIMPxx posts ante 20
sabre_laser posts ante 20
JCRoadRunner posts ante 20
obiwan37 posts ante 20
durdanus39 posts ante 20
elsenor16430 posts small blind 150
mc_dermott posts big blind 300
Dealt to sabre_laser [7d Kd]
*** PRE-FLOP *** 
xxKIMPxx folds
sabre_laser folds
JCRoadRunner folds
obiwan37 folds
durdanus39 folds
elsenor16430 folds
mc_dermott collected 590 from pot
*** SUMMARY ***
Total pot 590 | No rake
Seat 3: mc_dermott (big blind) won 590


Winamax Poker - Tournament "Double or Nothing" buyIn: 9,30€ + 0,70€ level: 8 - HandId: #551848141565984769-47-1440448855 - Holdem no limit (20/150/300) - 2015/08/24 20:40:55 UTC
Table: 'Double or Nothing(128487158)#0' 10-max (real money) Seat #10 is the button
Seat 3: mc_dermott (3297)
Seat 4: xxKIMPxx (2290)
Seat 5: sabre_laser (1920)
Seat 6: JCRoadRunner (1430)
Seat 7: obiwan37 (1248)
Seat 8: durdanus39 (2880)
Seat 10: elsenor16430 (1935)
*** ANTE/BLINDS ***
mc_dermott posts ante 20
xxKIMPxx posts ante 20
sabre_laser posts ante 20
JCRoadRunner posts ante 20
obiwan37 posts ante 20
durdanus39 posts ante 20
elsenor16430 posts ante 20
mc_dermott posts small blind 150
xxKIMPxx posts big blind 300
Dealt to sabre_laser [Tc 5h]
*** PRE-FLOP *** 
sabre_laser folds
JCRoadRunner folds
obiwan37 folds
durdanus39 raises 300 to 600
elsenor16430 folds
mc_dermott folds
xxKIMPxx folds
durdanus39 collected 1190 from pot
*** SUMMARY ***
Total pot 1190 | No rake
Seat 8: durdanus39 won 1190


Winamax Poker - Tournament "Double or Nothing" buyIn: 9,30€ + 0,70€ level: 8 - HandId: #551848141565984769-48-1440448905 - Holdem no limit (20/150/300) - 2015/08/24 20:41:45 UTC
Table: 'Double or Nothing(128487158)#0' 10-max (real money) Seat #3 is the button
Seat 3: mc_dermott (3127)
Seat 4: xxKIMPxx (1970)
Seat 5: sabre_laser (1900)
Seat 6: JCRoadRunner (1410)
Seat 7: obiwan37 (1228)
Seat 8: durdanus39 (3450)
Seat 10: elsenor16430 (1915)
*** ANTE/BLINDS ***
xxKIMPxx posts ante 20
sabre_laser posts ante 20
mc_dermott posts ante 20
JCRoadRunner posts ante 20
obiwan37 posts ante 20
durdanus39 posts ante 20
elsenor16430 posts ante 20
xxKIMPxx posts small blind 150
sabre_laser posts big blind 300
Dealt to sabre_laser [5c 3c]
*** PRE-FLOP *** 
JCRoadRunner folds
obiwan37 raises 908 to 1208 and is all-in
durdanus39 folds
elsenor16430 folds
mc_dermott folds
xxKIMPxx folds
sabre_laser folds
obiwan37 collected 1798 from pot
*** SUMMARY ***
Total pot 1798 | No rake
Seat 7: obiwan37 won 1798


Winamax Poker - Tournament "Double or Nothing" buyIn: 9,30€ + 0,70€ level: 8 - HandId: #551848141565984769-49-1440448953 - Holdem no limit (20/150/300) - 2015/08/24 20:42:33 UTC
Table: 'Double or Nothing(128487158)#0' 10-max (real money) Seat #4 is the button
Seat 3: mc_dermott (3107)
Seat 4: xxKIMPxx (1800)
Seat 5: sabre_laser (1580)
Seat 6: JCRoadRunner (1390)
Seat 7: obiwan37 (1798)
Seat 8: durdanus39 (3430)
Seat 10: elsenor16430 (1895)
*** ANTE/BLINDS ***
sabre_laser posts ante 20
JCRoadRunner posts ante 20
mc_dermott posts ante 20
xxKIMPxx posts ante 20
obiwan37 posts ante 20
durdanus39 posts ante 20
elsenor16430 posts ante 20
sabre_laser posts small blind 150
JCRoadRunner posts big blind 300
Dealt to sabre_laser [Qh 5c]
*** PRE-FLOP *** 
obiwan37 raises 1478 to 1778 and is all-in
durdanus39 folds
elsenor16430 folds
mc_dermott folds
xxKIMPxx folds
sabre_laser folds
JCRoadRunner folds
obiwan37 collected 2368 from pot
*** SUMMARY ***
Total pot 2368 | No rake
Seat 7: obiwan37 won 2368


Winamax Poker - Tournament "Double or Nothing" buyIn: 9,30€ + 0,70€ level: 8 - HandId: #551848141565984769-50-1440448993 - Holdem no limit (20/150/300) - 2015/08/24 20:43:13 UTC
Table: 'Double or Nothing(128487158)#0' 10-max (real money) Seat #5 is the button
Seat 3: mc_dermott (3087)
Seat 4: xxKIMPxx (1780)
Seat 5: sabre_laser (1410)
Seat 6: JCRoadRunner (1070)
Seat 7: obiwan37 (2368)
Seat 8: durdanus39 (3410)
Seat 10: elsenor16430 (1875)
*** ANTE/BLINDS ***
JCRoadRunner posts ante 20
obiwan37 posts ante 20
mc_dermott posts ante 20
xxKIMPxx posts ante 20
sabre_laser posts ante 20
durdanus39 posts ante 20
elsenor16430 posts ante 20
JCRoadRunner posts small blind 150
obiwan37 posts big blind 300
Dealt to sabre_laser [Qc 3d]
*** PRE-FLOP *** 
durdanus39 folds
elsenor16430 folds
mc_dermott folds
xxKIMPxx raises 1460 to 1760 and is all-in
sabre_laser folds
JCRoadRunner folds
obiwan37 folds
xxKIMPxx collected 2350 from pot
*** SUMMARY ***
Total pot 2350 | No rake
Seat 4: xxKIMPxx won 2350


Winamax Poker - Tournament "Double or Nothing" buyIn: 9,30€ + 0,70€ level: 8 - HandId: #551848141565984769-51-1440449010 - Holdem no limit (20/150/300) - 2015/08/24 20:43:30 UTC
Table: 'Double or Nothing(128487158)#0' 10-max (real money) Seat #6 is the button
Seat 3: mc_dermott (3067)
Seat 4: xxKIMPxx (2350)
Seat 5: sabre_laser (1390)
Seat 6: JCRoadRunner (900)
Seat 7: obiwan37 (2048)
Seat 8: durdanus39 (3390)
Seat 10: elsenor16430 (1855)
*** ANTE/BLINDS ***
obiwan37 posts ante 20
durdanus39 posts ante 20
mc_dermott posts ante 20
xxKIMPxx posts ante 20
sabre_laser posts ante 20
JCRoadRunner posts ante 20
elsenor16430 posts ante 20
obiwan37 posts small blind 150
durdanus39 posts big blind 300
Dealt to sabre_laser [Ah 3h]
*** PRE-FLOP *** 
elsenor16430 folds
mc_dermott folds
xxKIMPxx folds
sabre_laser raises 1070 to 1370 and is all-in
JCRoadRunner calls 880 and is all-in
obiwan37 raises 658 to 2028 and is all-in
durdanus39 folds
*** FLOP *** [Qc 7d Th]
*** TURN *** [Qc 7d Th][5d]
*** RIVER *** [Qc 7d Th 5d][6s]
*** SHOW DOWN ***
sabre_laser shows [Ah 3h] (High card : Ace)
JCRoadRunner shows [As Ac] (One pair : Aces)
obiwan37 shows [Kc Kh] (One pair : Kings)
obiwan37 collected 1638 from side pot 1
JCRoadRunner collected 3080 from main pot
*** SUMMARY ***
Total pot 4718 | No rake
Board: [Qc 7d Th 5d 6s]
Seat 5: sabre_laser showed [Ah 3h] and lost with High card : Ace
Seat 6: JCRoadRunner (button) showed [As Ac] and won 3080 with One pair : Aces
Seat 7: obiwan37 (small blind) showed [Kc Kh] and won 1638 with One pair : Kings


