Winamax Poker - Tournament "Révolution - Amiral Spatial" buyIn: Ticket only level: 0 - HandId: #482842521223823361-1-1425923363 - Holdem no limit (10/20) - 2015/03/09 17:49:23 UTC
Table: 'Révolution - Amiral Spatial(112420535)#0' 2-max (real money) Seat #2 is the button
Seat 1: sabre_laser (1500)
Seat 2: mikrosieste (1500)
*** ANTE/BLINDS ***
mikrosieste posts small blind 10
sabre_laser posts big blind 20
Dealt to sabre_laser [Qd Kd]
*** PRE-FLOP *** 
mikrosieste folds
sabre_laser collected 30 from pot
*** SUMMARY ***
Total pot 30 | No rake
Seat 1: sabre_laser (big blind) won 30


Winamax Poker - Tournament "Révolution - Amiral Spatial" buyIn: Ticket only level: 0 - HandId: #482842521223823361-2-1425923376 - Holdem no limit (10/20) - 2015/03/09 17:49:36 UTC
Table: 'Révolution - Amiral Spatial(112420535)#0' 2-max (real money) Seat #1 is the button
Seat 1: sabre_laser (1510)
Seat 2: mikrosieste (1490)
*** ANTE/BLINDS ***
sabre_laser posts small blind 10
mikrosieste posts big blind 20
Dealt to sabre_laser [Qh 8h]
*** PRE-FLOP *** 
sabre_laser calls 10
mikrosieste raises 30 to 50
sabre_laser calls 30
*** FLOP *** [6c Qd Qs]
mikrosieste checks
sabre_laser checks
*** TURN *** [6c Qd Qs][Qc]
mikrosieste checks
sabre_laser checks
*** RIVER *** [6c Qd Qs Qc][Ks]
mikrosieste bets 50
sabre_laser raises 90 to 140
mikrosieste calls 90
*** SHOW DOWN ***
mikrosieste shows [Ts Kc] (Full of Queens and Kings)
sabre_laser shows [Qh 8h] (Quads of Queens)
sabre_laser collected 380 from pot
*** SUMMARY ***
Total pot 380 | No rake
Board: [6c Qd Qs Qc Ks]
Seat 1: sabre_laser (small blind) (button) showed [Qh 8h] and won 380 with Quads of Queens
Seat 2: mikrosieste (big blind) showed [Ts Kc] and lost with Full of Queens and Kings


Winamax Poker - Tournament "Révolution - Amiral Spatial" buyIn: Ticket only level: 0 - HandId: #482842521223823361-3-1425923450 - Holdem no limit (10/20) - 2015/03/09 17:50:50 UTC
Table: 'Révolution - Amiral Spatial(112420535)#0' 2-max (real money) Seat #2 is the button
Seat 1: sabre_laser (1700)
Seat 2: mikrosieste (1300)
*** ANTE/BLINDS ***
mikrosieste posts small blind 10
sabre_laser posts big blind 20
Dealt to sabre_laser [Td Jh]
*** PRE-FLOP *** 
mikrosieste folds
sabre_laser collected 30 from pot
*** SUMMARY ***
Total pot 30 | No rake
Seat 1: sabre_laser (big blind) won 30


Winamax Poker - Tournament "Révolution - Amiral Spatial" buyIn: Ticket only level: 0 - HandId: #482842521223823361-4-1425923456 - Holdem no limit (10/20) - 2015/03/09 17:50:56 UTC
Table: 'Révolution - Amiral Spatial(112420535)#0' 2-max (real money) Seat #1 is the button
Seat 1: sabre_laser (1710)
Seat 2: mikrosieste (1290)
*** ANTE/BLINDS ***
sabre_laser posts small blind 10
mikrosieste posts big blind 20
Dealt to sabre_laser [5h Qc]
*** PRE-FLOP *** 
sabre_laser calls 10
mikrosieste checks
*** FLOP *** [Ah 8h 3d]
mikrosieste checks
sabre_laser checks
*** TURN *** [Ah 8h 3d][9c]
mikrosieste checks
sabre_laser bets 40
mikrosieste folds
sabre_laser collected 80 from pot
*** SUMMARY ***
Total pot 80 | No rake
Board: [Ah 8h 3d 9c]
Seat 1: sabre_laser (small blind) (button) won 80


Winamax Poker - Tournament "Révolution - Amiral Spatial" buyIn: Ticket only level: 0 - HandId: #482842521223823361-5-1425923492 - Holdem no limit (10/20) - 2015/03/09 17:51:32 UTC
Table: 'Révolution - Amiral Spatial(112420535)#0' 2-max (real money) Seat #2 is the button
Seat 1: sabre_laser (1730)
Seat 2: mikrosieste (1270)
*** ANTE/BLINDS ***
mikrosieste posts small blind 10
sabre_laser posts big blind 20
Dealt to sabre_laser [Ks Ah]
*** PRE-FLOP *** 
mikrosieste calls 10
sabre_laser raises 80 to 100
mikrosieste folds
sabre_laser collected 120 from pot
*** SUMMARY ***
Total pot 120 | No rake
Seat 1: sabre_laser (big blind) won 120


Winamax Poker - Tournament "Révolution - Amiral Spatial" buyIn: Ticket only level: 0 - HandId: #482842521223823361-6-1425923515 - Holdem no limit (10/20) - 2015/03/09 17:51:55 UTC
Table: 'Révolution - Amiral Spatial(112420535)#0' 2-max (real money) Seat #1 is the button
Seat 1: sabre_laser (1750)
Seat 2: mikrosieste (1250)
*** ANTE/BLINDS ***
sabre_laser posts small blind 10
mikrosieste posts big blind 20
Dealt to sabre_laser [Qc Kh]
*** PRE-FLOP *** 
sabre_laser calls 10
mikrosieste checks
*** FLOP *** [4h 5s Tc]
mikrosieste checks
sabre_laser checks
*** TURN *** [4h 5s Tc][7d]
mikrosieste checks
sabre_laser checks
*** RIVER *** [4h 5s Tc 7d][Qh]
mikrosieste checks
sabre_laser bets 140
mikrosieste folds
sabre_laser collected 180 from pot
*** SUMMARY ***
Total pot 180 | No rake
Board: [4h 5s Tc 7d Qh]
Seat 1: sabre_laser (small blind) (button) won 180


Winamax Poker - Tournament "Révolution - Amiral Spatial" buyIn: Ticket only level: 1 - HandId: #482842521223823361-7-1425923589 - Holdem no limit (15/30) - 2015/03/09 17:53:09 UTC
Table: 'Révolution - Amiral Spatial(112420535)#0' 2-max (real money) Seat #2 is the button
Seat 1: sabre_laser (1770)
Seat 2: mikrosieste (1230)
*** ANTE/BLINDS ***
mikrosieste posts small blind 15
sabre_laser posts big blind 30
Dealt to sabre_laser [Jd 7h]
*** PRE-FLOP *** 
mikrosieste folds
sabre_laser collected 45 from pot
*** SUMMARY ***
Total pot 45 | No rake
Seat 1: sabre_laser (big blind) won 45


Winamax Poker - Tournament "Révolution - Amiral Spatial" buyIn: Ticket only level: 1 - HandId: #482842521223823361-8-1425923610 - Holdem no limit (15/30) - 2015/03/09 17:53:30 UTC
Table: 'Révolution - Amiral Spatial(112420535)#0' 2-max (real money) Seat #1 is the button
Seat 1: sabre_laser (1785)
Seat 2: mikrosieste (1215)
*** ANTE/BLINDS ***
sabre_laser posts small blind 15
mikrosieste posts big blind 30
Dealt to sabre_laser [8s Ac]
*** PRE-FLOP *** 
sabre_laser raises 60 to 90
mikrosieste calls 60
*** FLOP *** [Ts Js 2d]
mikrosieste checks
sabre_laser bets 180
mikrosieste folds
sabre_laser collected 360 from pot
*** SUMMARY ***
Total pot 360 | No rake
Board: [Ts Js 2d]
Seat 1: sabre_laser (small blind) (button) won 360


Winamax Poker - Tournament "Révolution - Amiral Spatial" buyIn: Ticket only level: 1 - HandId: #482842521223823361-9-1425923640 - Holdem no limit (15/30) - 2015/03/09 17:54:00 UTC
Table: 'Révolution - Amiral Spatial(112420535)#0' 2-max (real money) Seat #2 is the button
Seat 1: sabre_laser (1875)
Seat 2: mikrosieste (1125)
*** ANTE/BLINDS ***
mikrosieste posts small blind 15
sabre_laser posts big blind 30
Dealt to sabre_laser [4h 5d]
*** PRE-FLOP *** 
mikrosieste folds
sabre_laser collected 45 from pot
*** SUMMARY ***
Total pot 45 | No rake
Seat 1: sabre_laser (big blind) won 45


Winamax Poker - Tournament "Révolution - Amiral Spatial" buyIn: Ticket only level: 1 - HandId: #482842521223823361-10-1425923645 - Holdem no limit (15/30) - 2015/03/09 17:54:05 UTC
Table: 'Révolution - Amiral Spatial(112420535)#0' 2-max (real money) Seat #1 is the button
Seat 1: sabre_laser (1890)
Seat 2: mikrosieste (1110)
*** ANTE/BLINDS ***
sabre_laser posts small blind 15
mikrosieste posts big blind 30
Dealt to sabre_laser [5h Ks]
*** PRE-FLOP *** 
sabre_laser calls 15
mikrosieste checks
*** FLOP *** [2c 8s As]
mikrosieste checks
sabre_laser checks
*** TURN *** [2c 8s As][Td]
mikrosieste bets 45
sabre_laser folds
mikrosieste collected 105 from pot
*** SUMMARY ***
Total pot 105 | No rake
Board: [2c 8s As Td]
Seat 2: mikrosieste (big blind) won 105


Winamax Poker - Tournament "Révolution - Amiral Spatial" buyIn: Ticket only level: 1 - HandId: #482842521223823361-11-1425923664 - Holdem no limit (15/30) - 2015/03/09 17:54:24 UTC
Table: 'Révolution - Amiral Spatial(112420535)#0' 2-max (real money) Seat #2 is the button
Seat 1: sabre_laser (1860)
Seat 2: mikrosieste (1140)
*** ANTE/BLINDS ***
mikrosieste posts small blind 15
sabre_laser posts big blind 30
Dealt to sabre_laser [6d Qc]
*** PRE-FLOP *** 
mikrosieste raises 30 to 60
sabre_laser calls 30
*** FLOP *** [2c 8d 5h]
sabre_laser checks
mikrosieste bets 75
sabre_laser folds
mikrosieste collected 195 from pot
*** SUMMARY ***
Total pot 195 | No rake
Board: [2c 8d 5h]
Seat 2: mikrosieste (small blind) (button) won 195


Winamax Poker - Tournament "Révolution - Amiral Spatial" buyIn: Ticket only level: 1 - HandId: #482842521223823361-12-1425923679 - Holdem no limit (15/30) - 2015/03/09 17:54:39 UTC
Table: 'Révolution - Amiral Spatial(112420535)#0' 2-max (real money) Seat #1 is the button
Seat 1: sabre_laser (1800)
Seat 2: mikrosieste (1200)
*** ANTE/BLINDS ***
sabre_laser posts small blind 15
mikrosieste posts big blind 30
Dealt to sabre_laser [9s 5s]
*** PRE-FLOP *** 
sabre_laser calls 15
mikrosieste raises 45 to 75
sabre_laser calls 45
*** FLOP *** [Td Qc 8h]
mikrosieste bets 75
sabre_laser calls 75
*** TURN *** [Td Qc 8h][Ac]
mikrosieste bets 150
sabre_laser raises 150 to 300
mikrosieste calls 150
*** RIVER *** [Td Qc 8h Ac][6c]
mikrosieste checks
sabre_laser bets 675
mikrosieste folds
sabre_laser collected 1575 from pot
*** SUMMARY ***
Total pot 1575 | No rake
Board: [Td Qc 8h Ac 6c]
Seat 1: sabre_laser (small blind) (button) won 1575


Winamax Poker - Tournament "Révolution - Amiral Spatial" buyIn: Ticket only level: 2 - HandId: #482842521223823361-13-1425923764 - Holdem no limit (20/40) - 2015/03/09 17:56:04 UTC
Table: 'Révolution - Amiral Spatial(112420535)#0' 2-max (real money) Seat #2 is the button
Seat 1: sabre_laser (2250)
Seat 2: mikrosieste (750)
*** ANTE/BLINDS ***
mikrosieste posts small blind 20
sabre_laser posts big blind 40
Dealt to sabre_laser [Tc 6d]
*** PRE-FLOP *** 
mikrosieste raises 710 to 750 and is all-in
sabre_laser folds
mikrosieste collected 790 from pot
*** SUMMARY ***
Total pot 790 | No rake
Seat 2: mikrosieste (small blind) (button) won 790


Winamax Poker - Tournament "Révolution - Amiral Spatial" buyIn: Ticket only level: 2 - HandId: #482842521223823361-14-1425923786 - Holdem no limit (20/40) - 2015/03/09 17:56:26 UTC
Table: 'Révolution - Amiral Spatial(112420535)#0' 2-max (real money) Seat #1 is the button
Seat 1: sabre_laser (2210)
Seat 2: mikrosieste (790)
*** ANTE/BLINDS ***
sabre_laser posts small blind 20
mikrosieste posts big blind 40
Dealt to sabre_laser [Js 3h]
*** PRE-FLOP *** 
sabre_laser calls 20
mikrosieste checks
*** FLOP *** [7s 5c 5h]
mikrosieste checks
sabre_laser bets 40
mikrosieste folds
sabre_laser collected 120 from pot
*** SUMMARY ***
Total pot 120 | No rake
Board: [7s 5c 5h]
Seat 1: sabre_laser (small blind) (button) won 120


Winamax Poker - Tournament "Révolution - Amiral Spatial" buyIn: Ticket only level: 2 - HandId: #482842521223823361-15-1425923822 - Holdem no limit (20/40) - 2015/03/09 17:57:02 UTC
Table: 'Révolution - Amiral Spatial(112420535)#0' 2-max (real money) Seat #2 is the button
Seat 1: sabre_laser (2250)
Seat 2: mikrosieste (750)
*** ANTE/BLINDS ***
mikrosieste posts small blind 20
sabre_laser posts big blind 40
Dealt to sabre_laser [5c 6d]
*** PRE-FLOP *** 
mikrosieste calls 20
sabre_laser checks
*** FLOP *** [4c 4d 2s]
sabre_laser bets 40
mikrosieste calls 40
*** TURN *** [4c 4d 2s][Qs]
sabre_laser checks
mikrosieste bets 60
sabre_laser calls 60
*** RIVER *** [4c 4d 2s Qs][Ac]
sabre_laser checks
mikrosieste bets 280
sabre_laser folds
mikrosieste collected 560 from pot
*** SUMMARY ***
Total pot 560 | No rake
Board: [4c 4d 2s Qs Ac]
Seat 2: mikrosieste (small blind) (button) won 560


Winamax Poker - Tournament "Révolution - Amiral Spatial" buyIn: Ticket only level: 2 - HandId: #482842521223823361-16-1425923865 - Holdem no limit (20/40) - 2015/03/09 17:57:45 UTC
Table: 'Révolution - Amiral Spatial(112420535)#0' 2-max (real money) Seat #1 is the button
Seat 1: sabre_laser (2110)
Seat 2: mikrosieste (890)
*** ANTE/BLINDS ***
sabre_laser posts small blind 20
mikrosieste posts big blind 40
Dealt to sabre_laser [Ts 6h]
*** PRE-FLOP *** 
sabre_laser calls 20
mikrosieste raises 80 to 120
sabre_laser folds
mikrosieste collected 160 from pot
*** SUMMARY ***
Total pot 160 | No rake
Seat 2: mikrosieste (big blind) won 160


Winamax Poker - Tournament "Révolution - Amiral Spatial" buyIn: Ticket only level: 2 - HandId: #482842521223823361-17-1425923877 - Holdem no limit (20/40) - 2015/03/09 17:57:57 UTC
Table: 'Révolution - Amiral Spatial(112420535)#0' 2-max (real money) Seat #2 is the button
Seat 1: sabre_laser (2070)
Seat 2: mikrosieste (930)
*** ANTE/BLINDS ***
mikrosieste posts small blind 20
sabre_laser posts big blind 40
Dealt to sabre_laser [3h Kc]
*** PRE-FLOP *** 
mikrosieste calls 20
sabre_laser checks
*** FLOP *** [7d Ad 8d]
sabre_laser checks
mikrosieste bets 40
sabre_laser folds
mikrosieste collected 120 from pot
*** SUMMARY ***
Total pot 120 | No rake
Board: [7d Ad 8d]
Seat 2: mikrosieste (small blind) (button) won 120


Winamax Poker - Tournament "Révolution - Amiral Spatial" buyIn: Ticket only level: 2 - HandId: #482842521223823361-18-1425923894 - Holdem no limit (20/40) - 2015/03/09 17:58:14 UTC
Table: 'Révolution - Amiral Spatial(112420535)#0' 2-max (real money) Seat #1 is the button
Seat 1: sabre_laser (2030)
Seat 2: mikrosieste (970)
*** ANTE/BLINDS ***
sabre_laser posts small blind 20
mikrosieste posts big blind 40
Dealt to sabre_laser [Jh Ac]
*** PRE-FLOP *** 
sabre_laser calls 20
mikrosieste raises 60 to 100
sabre_laser raises 1930 to 2030 and is all-in
mikrosieste folds
sabre_laser collected 2130 from pot
*** SUMMARY ***
Total pot 2130 | No rake
Seat 1: sabre_laser (small blind) (button) won 2130


Winamax Poker - Tournament "Révolution - Amiral Spatial" buyIn: Ticket only level: 3 - HandId: #482842521223823361-19-1425923919 - Holdem no limit (30/60) - 2015/03/09 17:58:39 UTC
Table: 'Révolution - Amiral Spatial(112420535)#0' 2-max (real money) Seat #2 is the button
Seat 1: sabre_laser (2130)
Seat 2: mikrosieste (870)
*** ANTE/BLINDS ***
mikrosieste posts small blind 30
sabre_laser posts big blind 60
Dealt to sabre_laser [8s 4c]
*** PRE-FLOP *** 
mikrosieste folds
sabre_laser collected 90 from pot
*** SUMMARY ***
Total pot 90 | No rake
Seat 1: sabre_laser (big blind) won 90


Winamax Poker - Tournament "Révolution - Amiral Spatial" buyIn: Ticket only level: 3 - HandId: #482842521223823361-20-1425923923 - Holdem no limit (30/60) - 2015/03/09 17:58:43 UTC
Table: 'Révolution - Amiral Spatial(112420535)#0' 2-max (real money) Seat #1 is the button
Seat 1: sabre_laser (2160)
Seat 2: mikrosieste (840)
*** ANTE/BLINDS ***
sabre_laser posts small blind 30
mikrosieste posts big blind 60
Dealt to sabre_laser [2h As]
*** PRE-FLOP *** 
sabre_laser calls 30
mikrosieste raises 780 to 840 and is all-in
sabre_laser calls 780
*** FLOP *** [7s Kc 5d]
*** TURN *** [7s Kc 5d][7c]
*** RIVER *** [7s Kc 5d 7c][Ah]
*** SHOW DOWN ***
sabre_laser shows [2h As] (Two pairs : Aces and 7)
mikrosieste shows [7h Ad] (Full of 7 and Aces)
mikrosieste collected 1680 from pot
*** SUMMARY ***
Total pot 1680 | No rake
Board: [7s Kc 5d 7c Ah]
Seat 1: sabre_laser (small blind) (button) showed [2h As] and lost with Two pairs : Aces and 7
Seat 2: mikrosieste (big blind) showed [7h Ad] and won 1680 with Full of 7 and Aces


Winamax Poker - Tournament "Révolution - Amiral Spatial" buyIn: Ticket only level: 3 - HandId: #482842521223823361-21-1425923939 - Holdem no limit (30/60) - 2015/03/09 17:58:59 UTC
Table: 'Révolution - Amiral Spatial(112420535)#0' 2-max (real money) Seat #2 is the button
Seat 1: sabre_laser (1320)
Seat 2: mikrosieste (1680)
*** ANTE/BLINDS ***
mikrosieste posts small blind 30
sabre_laser posts big blind 60
Dealt to sabre_laser [Js Jd]
*** PRE-FLOP *** 
mikrosieste folds
sabre_laser collected 90 from pot
*** SUMMARY ***
Total pot 90 | No rake
Seat 1: sabre_laser (big blind) won 90


Winamax Poker - Tournament "Révolution - Amiral Spatial" buyIn: Ticket only level: 3 - HandId: #482842521223823361-22-1425923958 - Holdem no limit (30/60) - 2015/03/09 17:59:18 UTC
Table: 'Révolution - Amiral Spatial(112420535)#0' 2-max (real money) Seat #1 is the button
Seat 1: sabre_laser (1350)
Seat 2: mikrosieste (1650)
*** ANTE/BLINDS ***
sabre_laser posts small blind 30
mikrosieste posts big blind 60
Dealt to sabre_laser [9d 9h]
*** PRE-FLOP *** 
sabre_laser raises 1290 to 1350 and is all-in
mikrosieste folds
sabre_laser collected 1410 from pot
*** SUMMARY ***
Total pot 1410 | No rake
Seat 1: sabre_laser (small blind) (button) won 1410


Winamax Poker - Tournament "Révolution - Amiral Spatial" buyIn: Ticket only level: 3 - HandId: #482842521223823361-23-1425923972 - Holdem no limit (30/60) - 2015/03/09 17:59:32 UTC
Table: 'Révolution - Amiral Spatial(112420535)#0' 2-max (real money) Seat #2 is the button
Seat 1: sabre_laser (1410)
Seat 2: mikrosieste (1590)
*** ANTE/BLINDS ***
mikrosieste posts small blind 30
sabre_laser posts big blind 60
Dealt to sabre_laser [8s Js]
*** PRE-FLOP *** 
mikrosieste folds
sabre_laser collected 90 from pot
*** SUMMARY ***
Total pot 90 | No rake
Seat 1: sabre_laser (big blind) won 90


Winamax Poker - Tournament "Révolution - Amiral Spatial" buyIn: Ticket only level: 3 - HandId: #482842521223823361-24-1425923976 - Holdem no limit (30/60) - 2015/03/09 17:59:36 UTC
Table: 'Révolution - Amiral Spatial(112420535)#0' 2-max (real money) Seat #1 is the button
Seat 1: sabre_laser (1440)
Seat 2: mikrosieste (1560)
*** ANTE/BLINDS ***
sabre_laser posts small blind 30
mikrosieste posts big blind 60
Dealt to sabre_laser [Tc 5s]
*** PRE-FLOP *** 
sabre_laser calls 30
mikrosieste checks
*** FLOP *** [8s 6c Jh]
mikrosieste checks
sabre_laser bets 120
mikrosieste folds
sabre_laser collected 240 from pot
*** SUMMARY ***
Total pot 240 | No rake
Board: [8s 6c Jh]
Seat 1: sabre_laser (small blind) (button) won 240


Winamax Poker - Tournament "Révolution - Amiral Spatial" buyIn: Ticket only level: 3 - HandId: #482842521223823361-25-1425923999 - Holdem no limit (30/60) - 2015/03/09 17:59:59 UTC
Table: 'Révolution - Amiral Spatial(112420535)#0' 2-max (real money) Seat #2 is the button
Seat 1: sabre_laser (1500)
Seat 2: mikrosieste (1500)
*** ANTE/BLINDS ***
mikrosieste posts small blind 30
sabre_laser posts big blind 60
Dealt to sabre_laser [3s Jd]
*** PRE-FLOP *** 
mikrosieste calls 30
sabre_laser checks
*** FLOP *** [5c 6c Ks]
sabre_laser checks
mikrosieste bets 60
sabre_laser folds
mikrosieste collected 180 from pot
*** SUMMARY ***
Total pot 180 | No rake
Board: [5c 6c Ks]
Seat 2: mikrosieste (small blind) (button) won 180


Winamax Poker - Tournament "Révolution - Amiral Spatial" buyIn: Ticket only level: 3 - HandId: #482842521223823361-26-1425924022 - Holdem no limit (30/60) - 2015/03/09 18:00:22 UTC
Table: 'Révolution - Amiral Spatial(112420535)#0' 2-max (real money) Seat #1 is the button
Seat 1: sabre_laser (1440)
Seat 2: mikrosieste (1560)
*** ANTE/BLINDS ***
sabre_laser posts small blind 30
mikrosieste posts big blind 60
Dealt to sabre_laser [3d 8s]
*** PRE-FLOP *** 
sabre_laser calls 30
mikrosieste checks
*** FLOP *** [7s 3s 9c]
mikrosieste checks
sabre_laser checks
*** TURN *** [7s 3s 9c][Jc]
mikrosieste bets 60
sabre_laser calls 60
*** RIVER *** [7s 3s 9c Jc][As]
mikrosieste checks
sabre_laser bets 160
mikrosieste folds
sabre_laser collected 400 from pot
*** SUMMARY ***
Total pot 400 | No rake
Board: [7s 3s 9c Jc As]
Seat 1: sabre_laser (small blind) (button) won 400


Winamax Poker - Tournament "Révolution - Amiral Spatial" buyIn: Ticket only level: 3 - HandId: #482842521223823361-27-1425924050 - Holdem no limit (30/60) - 2015/03/09 18:00:50 UTC
Table: 'Révolution - Amiral Spatial(112420535)#0' 2-max (real money) Seat #2 is the button
Seat 1: sabre_laser (1560)
Seat 2: mikrosieste (1440)
*** ANTE/BLINDS ***
mikrosieste posts small blind 30
sabre_laser posts big blind 60
Dealt to sabre_laser [6s 8d]
*** PRE-FLOP *** 
mikrosieste folds
sabre_laser collected 90 from pot
*** SUMMARY ***
Total pot 90 | No rake
Seat 1: sabre_laser (big blind) won 90


Winamax Poker - Tournament "Révolution - Amiral Spatial" buyIn: Ticket only level: 3 - HandId: #482842521223823361-28-1425924054 - Holdem no limit (30/60) - 2015/03/09 18:00:54 UTC
Table: 'Révolution - Amiral Spatial(112420535)#0' 2-max (real money) Seat #1 is the button
Seat 1: sabre_laser (1590)
Seat 2: mikrosieste (1410)
*** ANTE/BLINDS ***
sabre_laser posts small blind 30
mikrosieste posts big blind 60
Dealt to sabre_laser [Ad Ks]
*** PRE-FLOP *** 
sabre_laser calls 30
mikrosieste checks
*** FLOP *** [8d Kh Ah]
mikrosieste checks
sabre_laser bets 120
mikrosieste folds
sabre_laser collected 240 from pot
*** SUMMARY ***
Total pot 240 | No rake
Board: [8d Kh Ah]
Seat 1: sabre_laser (small blind) (button) won 240


Winamax Poker - Tournament "Révolution - Amiral Spatial" buyIn: Ticket only level: 4 - HandId: #482842521223823361-29-1425924082 - Holdem no limit (40/80) - 2015/03/09 18:01:22 UTC
Table: 'Révolution - Amiral Spatial(112420535)#0' 2-max (real money) Seat #2 is the button
Seat 1: sabre_laser (1650)
Seat 2: mikrosieste (1350)
*** ANTE/BLINDS ***
mikrosieste posts small blind 40
sabre_laser posts big blind 80
Dealt to sabre_laser [7s Js]
*** PRE-FLOP *** 
mikrosieste raises 80 to 160
sabre_laser calls 80
*** FLOP *** [Th 9d 3s]
sabre_laser checks
mikrosieste bets 160
sabre_laser calls 160
*** TURN *** [Th 9d 3s][7h]
sabre_laser checks
mikrosieste checks
*** RIVER *** [Th 9d 3s 7h][Jd]
sabre_laser bets 320
mikrosieste folds
sabre_laser collected 960 from pot
*** SUMMARY ***
Total pot 960 | No rake
Board: [Th 9d 3s 7h Jd]
Seat 1: sabre_laser (big blind) won 960


Winamax Poker - Tournament "Révolution - Amiral Spatial" buyIn: Ticket only level: 4 - HandId: #482842521223823361-30-1425924135 - Holdem no limit (40/80) - 2015/03/09 18:02:15 UTC
Table: 'Révolution - Amiral Spatial(112420535)#0' 2-max (real money) Seat #1 is the button
Seat 1: sabre_laser (1970)
Seat 2: mikrosieste (1030)
*** ANTE/BLINDS ***
sabre_laser posts small blind 40
mikrosieste posts big blind 80
Dealt to sabre_laser [Jc Kc]
*** PRE-FLOP *** 
sabre_laser raises 80 to 160
mikrosieste folds
sabre_laser collected 240 from pot
*** SUMMARY ***
Total pot 240 | No rake
Seat 1: sabre_laser (small blind) (button) won 240


Winamax Poker - Tournament "Révolution - Amiral Spatial" buyIn: Ticket only level: 4 - HandId: #482842521223823361-31-1425924142 - Holdem no limit (40/80) - 2015/03/09 18:02:22 UTC
Table: 'Révolution - Amiral Spatial(112420535)#0' 2-max (real money) Seat #2 is the button
Seat 1: sabre_laser (2050)
Seat 2: mikrosieste (950)
*** ANTE/BLINDS ***
mikrosieste posts small blind 40
sabre_laser posts big blind 80
Dealt to sabre_laser [7c Jc]
*** PRE-FLOP *** 
mikrosieste raises 870 to 950 and is all-in
sabre_laser folds
mikrosieste collected 1030 from pot
*** SUMMARY ***
Total pot 1030 | No rake
Seat 2: mikrosieste (small blind) (button) won 1030


Winamax Poker - Tournament "Révolution - Amiral Spatial" buyIn: Ticket only level: 4 - HandId: #482842521223823361-32-1425924151 - Holdem no limit (40/80) - 2015/03/09 18:02:31 UTC
Table: 'Révolution - Amiral Spatial(112420535)#0' 2-max (real money) Seat #1 is the button
Seat 1: sabre_laser (1970)
Seat 2: mikrosieste (1030)
*** ANTE/BLINDS ***
sabre_laser posts small blind 40
mikrosieste posts big blind 80
Dealt to sabre_laser [Jc Tc]
*** PRE-FLOP *** 
sabre_laser calls 40
mikrosieste checks
*** FLOP *** [Js 4h 9c]
mikrosieste checks
sabre_laser bets 80
mikrosieste folds
sabre_laser collected 240 from pot
*** SUMMARY ***
Total pot 240 | No rake
Board: [Js 4h 9c]
Seat 1: sabre_laser (small blind) (button) won 240


Winamax Poker - Tournament "Révolution - Amiral Spatial" buyIn: Ticket only level: 4 - HandId: #482842521223823361-33-1425924166 - Holdem no limit (40/80) - 2015/03/09 18:02:46 UTC
Table: 'Révolution - Amiral Spatial(112420535)#0' 2-max (real money) Seat #2 is the button
Seat 1: sabre_laser (2050)
Seat 2: mikrosieste (950)
*** ANTE/BLINDS ***
mikrosieste posts small blind 40
sabre_laser posts big blind 80
Dealt to sabre_laser [4d 3h]
*** PRE-FLOP *** 
mikrosieste raises 870 to 950 and is all-in
sabre_laser folds
mikrosieste collected 1030 from pot
*** SUMMARY ***
Total pot 1030 | No rake
Seat 2: mikrosieste (small blind) (button) won 1030


Winamax Poker - Tournament "Révolution - Amiral Spatial" buyIn: Ticket only level: 4 - HandId: #482842521223823361-34-1425924175 - Holdem no limit (40/80) - 2015/03/09 18:02:55 UTC
Table: 'Révolution - Amiral Spatial(112420535)#0' 2-max (real money) Seat #1 is the button
Seat 1: sabre_laser (1970)
Seat 2: mikrosieste (1030)
*** ANTE/BLINDS ***
sabre_laser posts small blind 40
mikrosieste posts big blind 80
Dealt to sabre_laser [3d Qh]
*** PRE-FLOP *** 
sabre_laser calls 40
mikrosieste raises 950 to 1030 and is all-in
sabre_laser folds
mikrosieste collected 1110 from pot
*** SUMMARY ***
Total pot 1110 | No rake
Seat 2: mikrosieste (big blind) won 1110


Winamax Poker - Tournament "Révolution - Amiral Spatial" buyIn: Ticket only level: 4 - HandId: #482842521223823361-35-1425924185 - Holdem no limit (40/80) - 2015/03/09 18:03:05 UTC
Table: 'Révolution - Amiral Spatial(112420535)#0' 2-max (real money) Seat #2 is the button
Seat 1: sabre_laser (1890)
Seat 2: mikrosieste (1110)
*** ANTE/BLINDS ***
mikrosieste posts small blind 40
sabre_laser posts big blind 80
Dealt to sabre_laser [7h 3s]
*** PRE-FLOP *** 
mikrosieste calls 40
sabre_laser checks
*** FLOP *** [4c Qc 5h]
sabre_laser checks
mikrosieste checks
*** TURN *** [4c Qc 5h][9s]
sabre_laser bets 120
mikrosieste calls 120
*** RIVER *** [4c Qc 5h 9s][7c]
sabre_laser bets 240
mikrosieste calls 240
*** SHOW DOWN ***
sabre_laser shows [7h 3s] (One pair : 7)
mikrosieste shows [Jd 9c] (One pair : 9)
mikrosieste collected 880 from pot
*** SUMMARY ***
Total pot 880 | No rake
Board: [4c Qc 5h 9s 7c]
Seat 1: sabre_laser (big blind) showed [7h 3s] and lost with One pair : 7
Seat 2: mikrosieste (small blind) (button) showed [Jd 9c] and won 880 with One pair : 9


Winamax Poker - Tournament "Révolution - Amiral Spatial" buyIn: Ticket only level: 4 - HandId: #482842521223823361-36-1425924214 - Holdem no limit (40/80) - 2015/03/09 18:03:34 UTC
Table: 'Révolution - Amiral Spatial(112420535)#0' 2-max (real money) Seat #1 is the button
Seat 1: sabre_laser (1450)
Seat 2: mikrosieste (1550)
*** ANTE/BLINDS ***
sabre_laser posts small blind 40
mikrosieste posts big blind 80
Dealt to sabre_laser [5s Kc]
*** PRE-FLOP *** 
sabre_laser calls 40
mikrosieste checks
*** FLOP *** [9d Th Qs]
mikrosieste checks
sabre_laser bets 80
mikrosieste calls 80
*** TURN *** [9d Th Qs][7c]
mikrosieste checks
sabre_laser checks
*** RIVER *** [9d Th Qs 7c][Ks]
mikrosieste checks
sabre_laser bets 120
mikrosieste folds
sabre_laser collected 440 from pot
*** SUMMARY ***
Total pot 440 | No rake
Board: [9d Th Qs 7c Ks]
Seat 1: sabre_laser (small blind) (button) won 440


Winamax Poker - Tournament "Révolution - Amiral Spatial" buyIn: Ticket only level: 4 - HandId: #482842521223823361-37-1425924252 - Holdem no limit (40/80) - 2015/03/09 18:04:12 UTC
Table: 'Révolution - Amiral Spatial(112420535)#0' 2-max (real money) Seat #2 is the button
Seat 1: sabre_laser (1610)
Seat 2: mikrosieste (1390)
*** ANTE/BLINDS ***
mikrosieste posts small blind 40
sabre_laser posts big blind 80
Dealt to sabre_laser [Td Qh]
*** PRE-FLOP *** 
mikrosieste folds
sabre_laser collected 120 from pot
*** SUMMARY ***
Total pot 120 | No rake
Seat 1: sabre_laser (big blind) won 120


Winamax Poker - Tournament "Révolution - Amiral Spatial" buyIn: Ticket only level: 4 - HandId: #482842521223823361-38-1425924256 - Holdem no limit (40/80) - 2015/03/09 18:04:16 UTC
Table: 'Révolution - Amiral Spatial(112420535)#0' 2-max (real money) Seat #1 is the button
Seat 1: sabre_laser (1650)
Seat 2: mikrosieste (1350)
*** ANTE/BLINDS ***
sabre_laser posts small blind 40
mikrosieste posts big blind 80
Dealt to sabre_laser [5c Td]
*** PRE-FLOP *** 
sabre_laser calls 40
mikrosieste raises 1270 to 1350 and is all-in
sabre_laser folds
mikrosieste collected 1430 from pot
*** SUMMARY ***
Total pot 1430 | No rake
Seat 2: mikrosieste (big blind) won 1430


Winamax Poker - Tournament "Révolution - Amiral Spatial" buyIn: Ticket only level: 5 - HandId: #482842521223823361-39-1425924271 - Holdem no limit (60/120) - 2015/03/09 18:04:31 UTC
Table: 'Révolution - Amiral Spatial(112420535)#0' 2-max (real money) Seat #2 is the button
Seat 1: sabre_laser (1570)
Seat 2: mikrosieste (1430)
*** ANTE/BLINDS ***
mikrosieste posts small blind 60
sabre_laser posts big blind 120
Dealt to sabre_laser [9h 8d]
*** PRE-FLOP *** 
mikrosieste folds
sabre_laser collected 180 from pot
*** SUMMARY ***
Total pot 180 | No rake
Seat 1: sabre_laser (big blind) won 180


Winamax Poker - Tournament "Révolution - Amiral Spatial" buyIn: Ticket only level: 5 - HandId: #482842521223823361-40-1425924278 - Holdem no limit (60/120) - 2015/03/09 18:04:38 UTC
Table: 'Révolution - Amiral Spatial(112420535)#0' 2-max (real money) Seat #1 is the button
Seat 1: sabre_laser (1630)
Seat 2: mikrosieste (1370)
*** ANTE/BLINDS ***
sabre_laser posts small blind 60
mikrosieste posts big blind 120
Dealt to sabre_laser [9d Qc]
*** PRE-FLOP *** 
sabre_laser raises 120 to 240
mikrosieste calls 120
*** FLOP *** [Jc Jd 8d]
mikrosieste checks
sabre_laser bets 1390 and is all-in
mikrosieste folds
sabre_laser collected 1870 from pot
*** SUMMARY ***
Total pot 1870 | No rake
Board: [Jc Jd 8d]
Seat 1: sabre_laser (small blind) (button) won 1870


Winamax Poker - Tournament "Révolution - Amiral Spatial" buyIn: Ticket only level: 5 - HandId: #482842521223823361-41-1425924293 - Holdem no limit (60/120) - 2015/03/09 18:04:53 UTC
Table: 'Révolution - Amiral Spatial(112420535)#0' 2-max (real money) Seat #2 is the button
Seat 1: sabre_laser (1870)
Seat 2: mikrosieste (1130)
*** ANTE/BLINDS ***
mikrosieste posts small blind 60
sabre_laser posts big blind 120
Dealt to sabre_laser [Ad 3s]
*** PRE-FLOP *** 
mikrosieste raises 1010 to 1130 and is all-in
sabre_laser calls 1010
*** FLOP *** [7s Ks 8h]
*** TURN *** [7s Ks 8h][4c]
*** RIVER *** [7s Ks 8h 4c][Ah]
*** SHOW DOWN ***
sabre_laser shows [Ad 3s] (One pair : Aces)
mikrosieste shows [7d 7c] (Trips of 7)
mikrosieste collected 2260 from pot
*** SUMMARY ***
Total pot 2260 | No rake
Board: [7s Ks 8h 4c Ah]
Seat 1: sabre_laser (big blind) showed [Ad 3s] and lost with One pair : Aces
Seat 2: mikrosieste (small blind) (button) showed [7d 7c] and won 2260 with Trips of 7


Winamax Poker - Tournament "Révolution - Amiral Spatial" buyIn: Ticket only level: 5 - HandId: #482842521223823361-42-1425924307 - Holdem no limit (60/120) - 2015/03/09 18:05:07 UTC
Table: 'Révolution - Amiral Spatial(112420535)#0' 2-max (real money) Seat #1 is the button
Seat 1: sabre_laser (740)
Seat 2: mikrosieste (2260)
*** ANTE/BLINDS ***
sabre_laser posts small blind 60
mikrosieste posts big blind 120
Dealt to sabre_laser [3h 7d]
*** PRE-FLOP *** 
sabre_laser folds
mikrosieste collected 180 from pot
*** SUMMARY ***
Total pot 180 | No rake
Seat 2: mikrosieste (big blind) won 180


Winamax Poker - Tournament "Révolution - Amiral Spatial" buyIn: Ticket only level: 5 - HandId: #482842521223823361-43-1425924312 - Holdem no limit (60/120) - 2015/03/09 18:05:12 UTC
Table: 'Révolution - Amiral Spatial(112420535)#0' 2-max (real money) Seat #2 is the button
Seat 1: sabre_laser (680)
Seat 2: mikrosieste (2320)
*** ANTE/BLINDS ***
mikrosieste posts small blind 60
sabre_laser posts big blind 120
Dealt to sabre_laser [Js 5c]
*** PRE-FLOP *** 
mikrosieste calls 60
sabre_laser raises 560 to 680 and is all-in
mikrosieste folds
sabre_laser collected 800 from pot
*** SUMMARY ***
Total pot 800 | No rake
Seat 1: sabre_laser (big blind) won 800


Winamax Poker - Tournament "Révolution - Amiral Spatial" buyIn: Ticket only level: 5 - HandId: #482842521223823361-44-1425924326 - Holdem no limit (60/120) - 2015/03/09 18:05:26 UTC
Table: 'Révolution - Amiral Spatial(112420535)#0' 2-max (real money) Seat #1 is the button
Seat 1: sabre_laser (800)
Seat 2: mikrosieste (2200)
*** ANTE/BLINDS ***
sabre_laser posts small blind 60
mikrosieste posts big blind 120
Dealt to sabre_laser [Ad 7s]
*** PRE-FLOP *** 
sabre_laser raises 120 to 240
mikrosieste calls 120
*** FLOP *** [5h 8c 7d]
mikrosieste checks
sabre_laser bets 560 and is all-in
mikrosieste folds
sabre_laser collected 1040 from pot
*** SUMMARY ***
Total pot 1040 | No rake
Board: [5h 8c 7d]
Seat 1: sabre_laser (small blind) (button) won 1040


Winamax Poker - Tournament "Révolution - Amiral Spatial" buyIn: Ticket only level: 5 - HandId: #482842521223823361-45-1425924340 - Holdem no limit (60/120) - 2015/03/09 18:05:40 UTC
Table: 'Révolution - Amiral Spatial(112420535)#0' 2-max (real money) Seat #2 is the button
Seat 1: sabre_laser (1040)
Seat 2: mikrosieste (1960)
*** ANTE/BLINDS ***
mikrosieste posts small blind 60
sabre_laser posts big blind 120
Dealt to sabre_laser [Th Jc]
*** PRE-FLOP *** 
mikrosieste folds
sabre_laser collected 180 from pot
*** SUMMARY ***
Total pot 180 | No rake
Seat 1: sabre_laser (big blind) won 180


Winamax Poker - Tournament "Révolution - Amiral Spatial" buyIn: Ticket only level: 5 - HandId: #482842521223823361-46-1425924346 - Holdem no limit (60/120) - 2015/03/09 18:05:46 UTC
Table: 'Révolution - Amiral Spatial(112420535)#0' 2-max (real money) Seat #1 is the button
Seat 1: sabre_laser (1100)
Seat 2: mikrosieste (1900)
*** ANTE/BLINDS ***
sabre_laser posts small blind 60
mikrosieste posts big blind 120
Dealt to sabre_laser [7d Qh]
*** PRE-FLOP *** 
sabre_laser calls 60
mikrosieste raises 1780 to 1900 and is all-in
sabre_laser calls 980 and is all-in
*** FLOP *** [2s Ac 6s]
*** TURN *** [2s Ac 6s][As]
*** RIVER *** [2s Ac 6s As][Th]
*** SHOW DOWN ***
sabre_laser shows [7d Qh] (One pair : Aces)
mikrosieste shows [Ts Kd] (Two pairs : Aces and Tens)
mikrosieste collected 3000 from pot
*** SUMMARY ***
Total pot 3000 | No rake
Board: [2s Ac 6s As Th]
Seat 1: sabre_laser (small blind) (button) showed [7d Qh] and lost with One pair : Aces
Seat 2: mikrosieste (big blind) showed [Ts Kd] and won 3000 with Two pairs : Aces and Tens


