Winamax Poker - Tournament "KING 5 - Stade 1A" buyIn: Ticket only level: 0 - HandId: #469604366865662156-1-1423594827 - Holdem no limit (10/20) - 2015/02/10 19:00:27 UTC
Table: 'KING 5 - Stade 1A(109338287)#203' 9-max (real money) Seat #9 is the button
Seat 1: ileana83 (4000)
Seat 2: NoMenNoCry2 (4000)
Seat 3: Baron_Bragi (4000)
Seat 4: Fab84gla (4000)
Seat 5: sabre_laser (4000)
Seat 6: montgomery51 (4000)
Seat 7: mikaieul (4000)
Seat 8: -IA.Boat.13- (4000)
Seat 9: lasaccoche (4000)
*** ANTE/BLINDS ***
ileana83 posts small blind 10
NoMenNoCry2 posts big blind 20
Dealt to sabre_laser [4s 8c]
*** PRE-FLOP *** 
Baron_Bragi folds
Fab84gla folds
sabre_laser folds
montgomery51 calls 20
mikaieul folds
-IA.Boat.13- folds
lasaccoche folds
ileana83 calls 10
NoMenNoCry2 checks
*** FLOP *** [Ts 9d Qh]
ileana83 checks
NoMenNoCry2 checks
montgomery51 bets 110
ileana83 raises 150 to 260
NoMenNoCry2 folds
montgomery51 calls 150
*** TURN *** [Ts 9d Qh][4d]
ileana83 bets 290
montgomery51 calls 290
*** RIVER *** [Ts 9d Qh 4d][Ac]
ileana83 bets 3430 and is all-in
montgomery51 folds
ileana83 collected 4590 from pot
*** SUMMARY ***
Total pot 4590 | No rake
Board: [Ts 9d Qh 4d Ac]
Seat 1: ileana83 (small blind) won 4590


Winamax Poker - Tournament "KING 5 - Stade 1A" buyIn: Ticket only level: 0 - HandId: #469604366865662156-2-1423594965 - Holdem no limit (10/20) - 2015/02/10 19:02:45 UTC
Table: 'KING 5 - Stade 1A(109338287)#203' 9-max (real money) Seat #1 is the button
Seat 1: ileana83 (4590)
Seat 2: NoMenNoCry2 (3980)
Seat 3: Baron_Bragi (4000)
Seat 4: Fab84gla (4000)
Seat 5: sabre_laser (4000)
Seat 6: montgomery51 (3430)
Seat 7: mikaieul (4000)
Seat 8: -IA.Boat.13- (4000)
Seat 9: GANACHEFIVE (4040)
*** ANTE/BLINDS ***
NoMenNoCry2 posts small blind 10
Baron_Bragi posts big blind 20
Dealt to sabre_laser [9d Td]
*** PRE-FLOP *** 
Fab84gla folds
sabre_laser raises 60 to 80
montgomery51 calls 80
mikaieul folds
-IA.Boat.13- calls 80
GANACHEFIVE folds
ileana83 folds
NoMenNoCry2 folds
Baron_Bragi folds
*** FLOP *** [4h 3h 8c]
sabre_laser bets 140
montgomery51 folds
-IA.Boat.13- raises 190 to 330
sabre_laser folds
-IA.Boat.13- collected 740 from pot
*** SUMMARY ***
Total pot 740 | No rake
Board: [4h 3h 8c]
Seat 8: -IA.Boat.13- won 740


Winamax Poker - Tournament "KING 5 - Stade 1A" buyIn: Ticket only level: 0 - HandId: #469604366865662156-3-1423595046 - Holdem no limit (10/20) - 2015/02/10 19:04:06 UTC
Table: 'KING 5 - Stade 1A(109338287)#203' 9-max (real money) Seat #2 is the button
Seat 1: ileana83 (4590)
Seat 2: NoMenNoCry2 (3970)
Seat 3: Baron_Bragi (3980)
Seat 4: Fab84gla (4000)
Seat 5: sabre_laser (3780)
Seat 6: montgomery51 (3350)
Seat 7: mikaieul (4000)
Seat 8: panthere1985 (4000)
Seat 9: GANACHEFIVE (4040)
*** ANTE/BLINDS ***
Baron_Bragi posts small blind 10
Fab84gla posts big blind 20
Dealt to sabre_laser [9c 7d]
*** PRE-FLOP *** 
sabre_laser folds
montgomery51 folds
mikaieul raises 20 to 40
panthere1985 folds
GANACHEFIVE folds
ileana83 calls 40
NoMenNoCry2 folds
Baron_Bragi folds
Fab84gla calls 20
*** FLOP *** [Ac Ad 8c]
Fab84gla checks
mikaieul checks
ileana83 bets 40
Fab84gla folds
mikaieul raises 90 to 130
ileana83 calls 90
*** TURN *** [Ac Ad 8c][2d]
mikaieul bets 240
ileana83 folds
mikaieul collected 630 from pot
*** SUMMARY ***
Total pot 630 | No rake
Board: [Ac Ad 8c 2d]
Seat 7: mikaieul won 630


Winamax Poker - Tournament "KING 5 - Stade 1A" buyIn: Ticket only level: 0 - HandId: #469604366865662156-4-1423595117 - Holdem no limit (10/20) - 2015/02/10 19:05:17 UTC
Table: 'KING 5 - Stade 1A(109338287)#203' 9-max (real money) Seat #3 is the button
Seat 1: ileana83 (4420)
Seat 2: NoMenNoCry2 (3970)
Seat 3: Baron_Bragi (3970)
Seat 4: Fab84gla (3960)
Seat 5: sabre_laser (3780)
Seat 6: montgomery51 (3350)
Seat 7: leFlutin (4645)
Seat 8: panthere1985 (4000)
Seat 9: GANACHEFIVE (4040)
*** ANTE/BLINDS ***
Fab84gla posts small blind 10
sabre_laser posts big blind 20
Dealt to sabre_laser [Td Jc]
*** PRE-FLOP *** 
montgomery51 folds
leFlutin folds
panthere1985 raises 40 to 60
GANACHEFIVE folds
ileana83 calls 60
NoMenNoCry2 folds
Baron_Bragi folds
Fab84gla folds
sabre_laser calls 40
*** FLOP *** [9c Kc 3d]
sabre_laser checks
panthere1985 bets 143
ileana83 calls 143
sabre_laser calls 143
*** TURN *** [9c Kc 3d][Qd]
sabre_laser bets 280
panthere1985 calls 280
ileana83 calls 280
*** RIVER *** [9c Kc 3d Qd][2s]
sabre_laser checks
panthere1985 checks
ileana83 bets 730
sabre_laser raises 1110 to 1840
panthere1985 folds
ileana83 calls 1110
*** SHOW DOWN ***
ileana83 shows [3s 3c] (Trips of 3)
sabre_laser shows [Td Jc] (Straight King high)
sabre_laser collected 5139 from pot
*** SUMMARY ***
Total pot 5139 | No rake
Board: [9c Kc 3d Qd 2s]
Seat 1: ileana83 showed [3s 3c] and lost with Trips of 3
Seat 5: sabre_laser (big blind) showed [Td Jc] and won 5139 with Straight King high


Winamax Poker - Tournament "KING 5 - Stade 1A" buyIn: Ticket only level: 0 - HandId: #469604366865662156-5-1423595225 - Holdem no limit (10/20) - 2015/02/10 19:07:05 UTC
Table: 'KING 5 - Stade 1A(109338287)#203' 9-max (real money) Seat #4 is the button
Seat 1: ileana83 (2097)
Seat 2: NoMenNoCry2 (3970)
Seat 3: Baron_Bragi (3970)
Seat 4: Fab84gla (3950)
Seat 5: sabre_laser (6596)
Seat 6: nut25 (3930)
Seat 7: leFlutin (4645)
Seat 8: panthere1985 (3517)
Seat 9: GANACHEFIVE (4040)
*** ANTE/BLINDS ***
sabre_laser posts small blind 10
nut25 posts big blind 20
Dealt to sabre_laser [Kc 3s]
*** PRE-FLOP *** 
leFlutin folds
panthere1985 folds
GANACHEFIVE folds
ileana83 folds
NoMenNoCry2 raises 20 to 40
Baron_Bragi folds
Fab84gla folds
sabre_laser folds
nut25 folds
NoMenNoCry2 collected 70 from pot
*** SUMMARY ***
Total pot 70 | No rake
Seat 2: NoMenNoCry2 won 70


Winamax Poker - Tournament "KING 5 - Stade 1A" buyIn: Ticket only level: 0 - HandId: #469604366865662156-6-1423595282 - Holdem no limit (10/20) - 2015/02/10 19:08:02 UTC
Table: 'KING 5 - Stade 1A(109338287)#203' 9-max (real money) Seat #5 is the button
Seat 1: ileana83 (2097)
Seat 2: NoMenNoCry2 (4000)
Seat 3: Baron_Bragi (3970)
Seat 4: Fab84gla (3950)
Seat 5: sabre_laser (6586)
Seat 6: nut25 (3910)
Seat 7: leFlutin (4645)
Seat 8: panthere1985 (3517)
Seat 9: GANACHEFIVE (4040)
*** ANTE/BLINDS ***
nut25 posts small blind 10
leFlutin posts big blind 20
Dealt to sabre_laser [Jd 7h]
*** PRE-FLOP *** 
panthere1985 raises 110 to 130
GANACHEFIVE folds
ileana83 folds
NoMenNoCry2 folds
Baron_Bragi folds
Fab84gla folds
sabre_laser folds
nut25 folds
leFlutin folds
panthere1985 collected 160 from pot
*** SUMMARY ***
Total pot 160 | No rake
Seat 8: panthere1985 won 160


Winamax Poker - Tournament "KING 5 - Stade 1A" buyIn: Ticket only level: 1 - HandId: #469604366865662156-7-1423595316 - Holdem no limit (15/30) - 2015/02/10 19:08:36 UTC
Table: 'KING 5 - Stade 1A(109338287)#203' 9-max (real money) Seat #6 is the button
Seat 1: ileana83 (2097)
Seat 2: NoMenNoCry2 (4000)
Seat 3: Baron_Bragi (3970)
Seat 4: Fab84gla (3950)
Seat 5: sabre_laser (6586)
Seat 6: nut25 (3900)
Seat 7: leFlutin (4625)
Seat 8: panthere1985 (3547)
Seat 9: GANACHEFIVE (4040)
*** ANTE/BLINDS ***
leFlutin posts small blind 15
panthere1985 posts big blind 30
Dealt to sabre_laser [9s As]
*** PRE-FLOP *** 
GANACHEFIVE folds
ileana83 folds
NoMenNoCry2 raises 30 to 60
Baron_Bragi folds
Fab84gla calls 60
sabre_laser calls 60
nut25 folds
leFlutin folds
panthere1985 calls 30
*** FLOP *** [3d 4c 8c]
panthere1985 checks
NoMenNoCry2 bets 170
Fab84gla calls 170
sabre_laser folds
panthere1985 folds
*** TURN *** [3d 4c 8c][Tc]
NoMenNoCry2 checks
Fab84gla checks
*** RIVER *** [3d 4c 8c Tc][9h]
NoMenNoCry2 checks
Fab84gla bets 595
NoMenNoCry2 calls 595
*** SHOW DOWN ***
NoMenNoCry2 shows [8s 6s] (One pair : 8)
Fab84gla shows [Td Th] (Trips of Tens)
Fab84gla collected 1785 from pot
*** SUMMARY ***
Total pot 1785 | No rake
Board: [3d 4c 8c Tc 9h]
Seat 2: NoMenNoCry2 showed [8s 6s] and lost with One pair : 8
Seat 4: Fab84gla showed [Td Th] and won 1785 with Trips of Tens


Winamax Poker - Tournament "KING 5 - Stade 1A" buyIn: Ticket only level: 1 - HandId: #469604366865662021-10-1423595378 - Holdem no limit (15/30) - 2015/02/10 19:09:38 UTC
Table: 'KING 5 - Stade 1A(109338287)#068' 9-max (real money) Seat #7 is the button
Seat 1: karolewicz (3817)
Seat 2: crazygambl99 (3960)
Seat 3: master311 (4000)
Seat 4: kobraz (4130)
Seat 5: sabre_laser (6526)
Seat 6: DARWIN-bch (3910)
Seat 7: BURTON38 (4063)
Seat 8: RaBBiJacKs (3920)
Seat 9: lkarl (4258)
*** ANTE/BLINDS ***
RaBBiJacKs posts small blind 15
lkarl posts big blind 30
Dealt to sabre_laser [Ah 5d]
*** PRE-FLOP *** 
karolewicz folds
crazygambl99 folds
master311 folds
kobraz folds
sabre_laser folds
DARWIN-bch folds
BURTON38 folds
RaBBiJacKs folds
lkarl collected 45 from pot
*** SUMMARY ***
Total pot 45 | No rake
Seat 9: lkarl (big blind) won 45


Winamax Poker - Tournament "KING 5 - Stade 1A" buyIn: Ticket only level: 1 - HandId: #469604366865662021-11-1423595412 - Holdem no limit (15/30) - 2015/02/10 19:10:12 UTC
Table: 'KING 5 - Stade 1A(109338287)#068' 9-max (real money) Seat #8 is the button
Seat 1: karolewicz (3817)
Seat 2: crazygambl99 (3960)
Seat 3: master311 (4000)
Seat 4: kobraz (4130)
Seat 5: sabre_laser (6526)
Seat 6: DARWIN-bch (3910)
Seat 7: BURTON38 (4063)
Seat 8: RaBBiJacKs (3905)
Seat 9: lkarl (4273)
*** ANTE/BLINDS ***
lkarl posts small blind 15
karolewicz posts big blind 30
Dealt to sabre_laser [7c Jh]
*** PRE-FLOP *** 
crazygambl99 folds
master311 folds
kobraz folds
sabre_laser folds
DARWIN-bch folds
BURTON38 raises 30 to 60
RaBBiJacKs calls 60
lkarl folds
karolewicz folds
*** FLOP *** [Kc 3h 5s]
BURTON38 bets 124
RaBBiJacKs folds
BURTON38 collected 289 from pot
*** SUMMARY ***
Total pot 289 | No rake
Board: [Kc 3h 5s]
Seat 7: BURTON38 won 289


Winamax Poker - Tournament "KING 5 - Stade 1A" buyIn: Ticket only level: 1 - HandId: #469604366865662021-12-1423595457 - Holdem no limit (15/30) - 2015/02/10 19:10:57 UTC
Table: 'KING 5 - Stade 1A(109338287)#068' 9-max (real money) Seat #9 is the button
Seat 1: karolewicz (3787)
Seat 2: crazygambl99 (3960)
Seat 3: master311 (4000)
Seat 4: Xaccro-bateX (2250)
Seat 5: sabre_laser (6526)
Seat 6: DARWIN-bch (3910)
Seat 7: BURTON38 (4168)
Seat 8: RaBBiJacKs (3845)
Seat 9: lkarl (4258)
*** ANTE/BLINDS ***
karolewicz posts small blind 15
crazygambl99 posts big blind 30
Dealt to sabre_laser [5h Th]
*** PRE-FLOP *** 
master311 folds
Xaccro-bateX folds
sabre_laser folds
DARWIN-bch raises 45 to 75
BURTON38 folds
RaBBiJacKs folds
lkarl folds
karolewicz folds
crazygambl99 folds
DARWIN-bch collected 120 from pot
*** SUMMARY ***
Total pot 120 | No rake
Seat 6: DARWIN-bch won 120


Winamax Poker - Tournament "KING 5 - Stade 1A" buyIn: Ticket only level: 1 - HandId: #469604366865662021-13-1423595493 - Holdem no limit (15/30) - 2015/02/10 19:11:33 UTC
Table: 'KING 5 - Stade 1A(109338287)#068' 9-max (real money) Seat #1 is the button
Seat 1: karolewicz (3772)
Seat 2: crazygambl99 (3930)
Seat 3: master311 (4000)
Seat 4: Xaccro-bateX (2250)
Seat 5: sabre_laser (6526)
Seat 6: DARWIN-bch (3955)
Seat 7: BURTON38 (4168)
Seat 8: RaBBiJacKs (3845)
Seat 9: lkarl (4258)
*** ANTE/BLINDS ***
crazygambl99 posts small blind 15
master311 posts big blind 30
Dealt to sabre_laser [Jc 6d]
*** PRE-FLOP *** 
Xaccro-bateX folds
sabre_laser folds
DARWIN-bch raises 60 to 90
BURTON38 folds
RaBBiJacKs calls 90
lkarl folds
karolewicz folds
crazygambl99 folds
master311 folds
*** FLOP *** [7h 9h Ks]
DARWIN-bch bets 150
RaBBiJacKs raises 180 to 330
DARWIN-bch raises 581 to 911
RaBBiJacKs folds
DARWIN-bch collected 1466 from pot
*** SUMMARY ***
Total pot 1466 | No rake
Board: [7h 9h Ks]
Seat 6: DARWIN-bch won 1466


Winamax Poker - Tournament "KING 5 - Stade 1A" buyIn: Ticket only level: 1 - HandId: #469604366865662021-14-1423595579 - Holdem no limit (15/30) - 2015/02/10 19:12:59 UTC
Table: 'KING 5 - Stade 1A(109338287)#068' 9-max (real money) Seat #2 is the button
Seat 1: karolewicz (3772)
Seat 2: crazygambl99 (3915)
Seat 3: master311 (3970)
Seat 4: Xaccro-bateX (2250)
Seat 5: sabre_laser (6526)
Seat 6: DARWIN-bch (4420)
Seat 7: BURTON38 (4168)
Seat 8: RaBBiJacKs (3425)
Seat 9: lkarl (4258)
*** ANTE/BLINDS ***
master311 posts small blind 15
Xaccro-bateX posts big blind 30
Dealt to sabre_laser [Qs 7h]
*** PRE-FLOP *** 
sabre_laser folds
DARWIN-bch raises 60 to 90
BURTON38 folds
RaBBiJacKs folds
lkarl calls 90
karolewicz calls 90
crazygambl99 folds
master311 folds
Xaccro-bateX calls 60
*** FLOP *** [8c 4d 3s]
Xaccro-bateX checks
DARWIN-bch bets 281
lkarl folds
karolewicz folds
Xaccro-bateX calls 281
*** TURN *** [8c 4d 3s][3d]
Xaccro-bateX checks
DARWIN-bch bets 625
Xaccro-bateX calls 625
*** RIVER *** [8c 4d 3s 3d][Ad]
Xaccro-bateX checks
DARWIN-bch checks
*** SHOW DOWN ***
DARWIN-bch shows [Td Tc] (Two pairs : Tens and 3)
Xaccro-bateX shows [3c 4c] (Full of 3 and 4)
Xaccro-bateX collected 2187 from pot
*** SUMMARY ***
Total pot 2187 | No rake
Board: [8c 4d 3s 3d Ad]
Seat 4: Xaccro-bateX (big blind) showed [3c 4c] and won 2187 with Full of 3 and 4
Seat 6: DARWIN-bch showed [Td Tc] and lost with Two pairs : Tens and 3


Winamax Poker - Tournament "KING 5 - Stade 1A" buyIn: Ticket only level: 1 - HandId: #469604366865662021-15-1423595655 - Holdem no limit (15/30) - 2015/02/10 19:14:15 UTC
Table: 'KING 5 - Stade 1A(109338287)#068' 9-max (real money) Seat #3 is the button
Seat 1: karolewicz (3682)
Seat 2: crazygambl99 (3915)
Seat 3: Sardine60 (4145)
Seat 4: Xaccro-bateX (3441)
Seat 5: sabre_laser (6526)
Seat 6: DARWIN-bch (3424)
Seat 7: BURTON38 (4168)
Seat 8: RaBBiJacKs (3425)
Seat 9: lkarl (4168)
*** ANTE/BLINDS ***
Xaccro-bateX posts small blind 15
sabre_laser posts big blind 30
Dealt to sabre_laser [2s Ac]
*** PRE-FLOP *** 
DARWIN-bch folds
BURTON38 calls 30
RaBBiJacKs folds
lkarl folds
karolewicz calls 30
crazygambl99 folds
Xaccro-bateX folds
sabre_laser checks
*** FLOP *** [7h 2d 7c]
sabre_laser bets 105
BURTON38 folds
karolewicz calls 105
*** TURN *** [7h 2d 7c][As]
sabre_laser checks
karolewicz checks
*** RIVER *** [7h 2d 7c As][7d]
sabre_laser bets 158
karolewicz calls 158
*** SHOW DOWN ***
karolewicz shows [4d 4c] (Full of 7 and 4)
sabre_laser shows [2s Ac] (Full of 7 and Aces)
sabre_laser collected 631 from pot
*** SUMMARY ***
Total pot 631 | No rake
Board: [7h 2d 7c As 7d]
Seat 1: karolewicz showed [4d 4c] and lost with Full of 7 and 4
Seat 5: sabre_laser (big blind) showed [2s Ac] and won 631 with Full of 7 and Aces


Winamax Poker - Tournament "KING 5 - Stade 1A" buyIn: Ticket only level: 1 - HandId: #469604366865662021-16-1423595744 - Holdem no limit (15/30) - 2015/02/10 19:15:44 UTC
Table: 'KING 5 - Stade 1A(109338287)#068' 9-max (real money) Seat #4 is the button
Seat 1: karolewicz (3389)
Seat 2: crazygambl99 (3915)
Seat 3: Sardine60 (4145)
Seat 4: Xaccro-bateX (3426)
Seat 5: sabre_laser (6864)
Seat 6: DARWIN-bch (3424)
Seat 7: BURTON38 (4138)
Seat 8: RaBBiJacKs (3425)
Seat 9: lkarl (4168)
*** ANTE/BLINDS ***
sabre_laser posts small blind 15
DARWIN-bch posts big blind 30
Dealt to sabre_laser [2s Ad]
*** PRE-FLOP *** 
BURTON38 calls 30
RaBBiJacKs folds
lkarl folds
karolewicz folds
crazygambl99 calls 30
Sardine60 folds
Xaccro-bateX folds
sabre_laser calls 15
DARWIN-bch checks
*** FLOP *** [7c Qh 5d]
sabre_laser checks
DARWIN-bch checks
BURTON38 checks
crazygambl99 bets 60
sabre_laser folds
DARWIN-bch folds
BURTON38 folds
crazygambl99 collected 180 from pot
*** SUMMARY ***
Total pot 180 | No rake
Board: [7c Qh 5d]
Seat 2: crazygambl99 won 180


Winamax Poker - Tournament "KING 5 - Stade 1A" buyIn: Ticket only level: 2 - HandId: #469604366865662021-17-1423595823 - Holdem no limit (20/40) - 2015/02/10 19:17:03 UTC
Table: 'KING 5 - Stade 1A(109338287)#068' 9-max (real money) Seat #5 is the button
Seat 1: karolewicz (3389)
Seat 2: LaPovLucette (3256)
Seat 3: Sardine60 (4145)
Seat 4: Xaccro-bateX (3426)
Seat 5: sabre_laser (6834)
Seat 6: DARWIN-bch (3394)
Seat 7: BURTON38 (4108)
Seat 8: RaBBiJacKs (3425)
Seat 9: lkarl (4168)
*** ANTE/BLINDS ***
DARWIN-bch posts small blind 20
BURTON38 posts big blind 40
Dealt to sabre_laser [9s 3d]
*** PRE-FLOP *** 
RaBBiJacKs calls 40
lkarl folds
karolewicz folds
LaPovLucette folds
Sardine60 folds
Xaccro-bateX folds
sabre_laser folds
DARWIN-bch calls 20
BURTON38 checks
*** FLOP *** [3c Jc 4d]
DARWIN-bch checks
BURTON38 checks
RaBBiJacKs bets 60
DARWIN-bch calls 60
BURTON38 calls 60
*** TURN *** [3c Jc 4d][3s]
DARWIN-bch checks
BURTON38 checks
RaBBiJacKs checks
*** RIVER *** [3c Jc 4d 3s][Tc]
DARWIN-bch bets 225
BURTON38 folds
RaBBiJacKs calls 225
*** SHOW DOWN ***
DARWIN-bch shows [Ad 9d] (One pair : 3)
RaBBiJacKs shows [Jd Qd] (Two pairs : Jacks and 3)
RaBBiJacKs collected 750 from pot
*** SUMMARY ***
Total pot 750 | No rake
Board: [3c Jc 4d 3s Tc]
Seat 6: DARWIN-bch (small blind) showed [Ad 9d] and lost with One pair : 3
Seat 8: RaBBiJacKs showed [Jd Qd] and won 750 with Two pairs : Jacks and 3


Winamax Poker - Tournament "KING 5 - Stade 1A" buyIn: Ticket only level: 2 - HandId: #469604366865662021-18-1423595925 - Holdem no limit (20/40) - 2015/02/10 19:18:45 UTC
Table: 'KING 5 - Stade 1A(109338287)#068' 9-max (real money) Seat #6 is the button
Seat 1: karolewicz (3389)
Seat 2: LaPovLucette (3256)
Seat 3: Sardine60 (4145)
Seat 4: Xaccro-bateX (3426)
Seat 5: sabre_laser (6834)
Seat 6: DARWIN-bch (3069)
Seat 7: BURTON38 (4008)
Seat 8: RaBBiJacKs (3850)
Seat 9: lkarl (4168)
*** ANTE/BLINDS ***
BURTON38 posts small blind 20
RaBBiJacKs posts big blind 40
Dealt to sabre_laser [7d Qc]
*** PRE-FLOP *** 
lkarl folds
karolewicz folds
LaPovLucette folds
Sardine60 folds
Xaccro-bateX calls 40
sabre_laser folds
DARWIN-bch folds
BURTON38 calls 20
RaBBiJacKs checks
*** FLOP *** [Qd 6s Ts]
BURTON38 checks
RaBBiJacKs checks
Xaccro-bateX checks
*** TURN *** [Qd 6s Ts][9c]
BURTON38 checks
RaBBiJacKs checks
Xaccro-bateX checks
*** RIVER *** [Qd 6s Ts 9c][Qh]
BURTON38 checks
RaBBiJacKs checks
Xaccro-bateX checks
*** SHOW DOWN ***
BURTON38 shows [5h 8h] (One pair : Queens)
RaBBiJacKs shows [5c 3s] (One pair : Queens)
Xaccro-bateX shows [Ac 8d] (One pair : Queens)
Xaccro-bateX collected 120 from pot
*** SUMMARY ***
Total pot 120 | No rake
Board: [Qd 6s Ts 9c Qh]
Seat 4: Xaccro-bateX showed [Ac 8d] and won 120 with One pair : Queens
Seat 7: BURTON38 (small blind) showed [5h 8h] and lost with One pair : Queens
Seat 8: RaBBiJacKs (big blind) showed [5c 3s] and lost with One pair : Queens


Winamax Poker - Tournament "KING 5 - Stade 1A" buyIn: Ticket only level: 2 - HandId: #469604366865662021-19-1423596014 - Holdem no limit (20/40) - 2015/02/10 19:20:14 UTC
Table: 'KING 5 - Stade 1A(109338287)#068' 9-max (real money) Seat #7 is the button
Seat 1: rafal21 (6090)
Seat 2: LaPovLucette (3256)
Seat 3: Sardine60 (4145)
Seat 4: Xaccro-bateX (3506)
Seat 5: sabre_laser (6834)
Seat 6: DARWIN-bch (3069)
Seat 7: BURTON38 (3968)
Seat 8: RaBBiJacKs (3810)
Seat 9: lkarl (4168)
*** ANTE/BLINDS ***
RaBBiJacKs posts small blind 20
lkarl posts big blind 40
Dealt to sabre_laser [3h 3c]
*** PRE-FLOP *** 
rafal21 folds
LaPovLucette calls 40
Sardine60 folds
Xaccro-bateX folds
sabre_laser calls 40
DARWIN-bch folds
BURTON38 folds
RaBBiJacKs folds
lkarl checks
*** FLOP *** [6s 8h 9c]
lkarl bets 140
LaPovLucette raises 260 to 400
sabre_laser folds
lkarl folds
LaPovLucette collected 680 from pot
*** SUMMARY ***
Total pot 680 | No rake
Board: [6s 8h 9c]
Seat 2: LaPovLucette won 680


Winamax Poker - Tournament "KING 5 - Stade 1A" buyIn: Ticket only level: 2 - HandId: #469604366865662021-20-1423596063 - Holdem no limit (20/40) - 2015/02/10 19:21:03 UTC
Table: 'KING 5 - Stade 1A(109338287)#068' 9-max (real money) Seat #8 is the button
Seat 1: bandit11 (3828)
Seat 2: LaPovLucette (3496)
Seat 3: Sardine60 (4145)
Seat 4: Xaccro-bateX (3506)
Seat 5: sabre_laser (6794)
Seat 6: DARWIN-bch (3069)
Seat 7: BURTON38 (3968)
Seat 8: RaBBiJacKs (3790)
Seat 9: lkarl (3988)
*** ANTE/BLINDS ***
lkarl posts small blind 20
bandit11 posts big blind 40
Dealt to sabre_laser [5h Td]
*** PRE-FLOP *** 
LaPovLucette calls 40
Sardine60 folds
Xaccro-bateX calls 40
sabre_laser folds
DARWIN-bch folds
BURTON38 calls 40
RaBBiJacKs folds
lkarl folds
bandit11 raises 40 to 80
LaPovLucette calls 40
Xaccro-bateX calls 40
BURTON38 calls 40
*** FLOP *** [5d Js 3d]
bandit11 bets 160
LaPovLucette calls 160
Xaccro-bateX folds
BURTON38 calls 160
*** TURN *** [5d Js 3d][Ah]
bandit11 bets 240
LaPovLucette raises 360 to 600
BURTON38 calls 600
bandit11 calls 360
*** RIVER *** [5d Js 3d Ah][Kc]
bandit11 checks
LaPovLucette checks
BURTON38 checks
*** SHOW DOWN ***
bandit11 shows [Tc Ac] (One pair : Aces)
BURTON38 shows [4d 6d] (High card : Ace)
LaPovLucette shows [4h 2h] (Straight 5 high)
LaPovLucette collected 2620 from pot
*** SUMMARY ***
Total pot 2620 | No rake
Board: [5d Js 3d Ah Kc]
Seat 1: bandit11 (big blind) showed [Tc Ac] and lost with One pair : Aces
Seat 2: LaPovLucette showed [4h 2h] and won 2620 with Straight 5 high
Seat 7: BURTON38 showed [4d 6d] and lost with High card : Ace


Winamax Poker - Tournament "KING 5 - Stade 1A" buyIn: Ticket only level: 2 - HandId: #469604366865662021-21-1423596155 - Holdem no limit (20/40) - 2015/02/10 19:22:35 UTC
Table: 'KING 5 - Stade 1A(109338287)#068' 9-max (real money) Seat #9 is the button
Seat 1: bandit11 (2988)
Seat 2: LaPovLucette (5276)
Seat 3: Sardine60 (4145)
Seat 4: Xaccro-bateX (3426)
Seat 5: sabre_laser (6794)
Seat 6: DARWIN-bch (3069)
Seat 7: BURTON38 (3128)
Seat 8: RaBBiJacKs (3790)
Seat 9: lkarl (3968)
*** ANTE/BLINDS ***
bandit11 posts small blind 20
LaPovLucette posts big blind 40
Dealt to sabre_laser [7d 4h]
*** PRE-FLOP *** 
Sardine60 folds
Xaccro-bateX folds
sabre_laser folds
DARWIN-bch folds
BURTON38 folds
RaBBiJacKs raises 80 to 120
lkarl calls 120
bandit11 folds
LaPovLucette calls 80
*** FLOP *** [6d 2h 7s]
LaPovLucette checks
RaBBiJacKs bets 190
lkarl calls 190
LaPovLucette calls 190
*** TURN *** [6d 2h 7s][Jc]
LaPovLucette checks
RaBBiJacKs bets 455
lkarl folds
LaPovLucette folds
RaBBiJacKs collected 1405 from pot
*** SUMMARY ***
Total pot 1405 | No rake
Board: [6d 2h 7s Jc]
Seat 8: RaBBiJacKs won 1405


Winamax Poker - Tournament "KING 5 - Stade 1A" buyIn: Ticket only level: 2 - HandId: #469604366865662021-22-1423596209 - Holdem no limit (20/40) - 2015/02/10 19:23:29 UTC
Table: 'KING 5 - Stade 1A(109338287)#068' 9-max (real money) Seat #1 is the button
Seat 1: bandit11 (2968)
Seat 2: LaPovLucette (4966)
Seat 3: Sardine60 (4145)
Seat 4: Xaccro-bateX (3426)
Seat 5: sabre_laser (6794)
Seat 6: DARWIN-bch (3069)
Seat 7: BURTON38 (3128)
Seat 8: RaBBiJacKs (4430)
Seat 9: lkarl (3658)
*** ANTE/BLINDS ***
LaPovLucette posts small blind 20
Sardine60 posts big blind 40
Dealt to sabre_laser [Ad Ac]
*** PRE-FLOP *** 
Xaccro-bateX raises 40 to 80
sabre_laser raises 60 to 140
DARWIN-bch folds
BURTON38 folds
RaBBiJacKs calls 140
lkarl folds
bandit11 folds
LaPovLucette folds
Sardine60 folds
Xaccro-bateX calls 60
*** FLOP *** [2c 9c Kh]
Xaccro-bateX checks
sabre_laser bets 200
RaBBiJacKs raises 200 to 400
Xaccro-bateX folds
sabre_laser raises 440 to 840
RaBBiJacKs calls 440
*** TURN *** [2c 9c Kh][9h]
sabre_laser bets 1080
RaBBiJacKs folds
sabre_laser collected 3240 from pot
*** SUMMARY ***
Total pot 3240 | No rake
Board: [2c 9c Kh 9h]
Seat 5: sabre_laser won 3240


Winamax Poker - Tournament "KING 5 - Stade 1A" buyIn: Ticket only level: 3 - HandId: #469604366865662021-23-1423596351 - Holdem no limit (30/60) - 2015/02/10 19:25:51 UTC
Table: 'KING 5 - Stade 1A(109338287)#068' 9-max (real money) Seat #2 is the button
Seat 1: bandit11 (2968)
Seat 2: LaPovLucette (4946)
Seat 3: Sardine60 (4105)
Seat 4: Xaccro-bateX (3286)
Seat 5: sabre_laser (7974)
Seat 6: DARWIN-bch (3069)
Seat 7: BURTON38 (3128)
Seat 8: RaBBiJacKs (3450)
Seat 9: lkarl (3658)
*** ANTE/BLINDS ***
Sardine60 posts small blind 30
Xaccro-bateX posts big blind 60
Dealt to sabre_laser [6c 4d]
*** PRE-FLOP *** 
sabre_laser folds
DARWIN-bch folds
BURTON38 folds
RaBBiJacKs folds
lkarl folds
bandit11 folds
LaPovLucette folds
Sardine60 raises 120 to 180
Xaccro-bateX calls 120
*** FLOP *** [5s 4s 4h]
Sardine60 bets 180
Xaccro-bateX calls 180
*** TURN *** [5s 4s 4h][3s]
Sardine60 bets 240
Xaccro-bateX raises 240 to 480
Sardine60 calls 240
*** RIVER *** [5s 4s 4h 3s][7s]
Sardine60 checks
Xaccro-bateX bets 840
Sardine60 folds
Xaccro-bateX collected 2520 from pot
*** SUMMARY ***
Total pot 2520 | No rake
Board: [5s 4s 4h 3s 7s]
Seat 4: Xaccro-bateX (big blind) won 2520


Winamax Poker - Tournament "KING 5 - Stade 1A" buyIn: Ticket only level: 3 - HandId: #469604366865662021-24-1423596440 - Holdem no limit (30/60) - 2015/02/10 19:27:20 UTC
Table: 'KING 5 - Stade 1A(109338287)#068' 9-max (real money) Seat #3 is the button
Seat 1: bandit11 (2968)
Seat 2: LaPovLucette (4946)
Seat 3: Sardine60 (3265)
Seat 4: Xaccro-bateX (4126)
Seat 5: sabre_laser (7974)
Seat 6: DARWIN-bch (3069)
Seat 7: BURTON38 (3128)
Seat 8: RaBBiJacKs (3450)
Seat 9: lkarl (3658)
*** ANTE/BLINDS ***
Xaccro-bateX posts small blind 30
sabre_laser posts big blind 60
Dealt to sabre_laser [Ks 6c]
*** PRE-FLOP *** 
DARWIN-bch folds
BURTON38 folds
RaBBiJacKs folds
lkarl folds
bandit11 calls 60
LaPovLucette folds
Sardine60 folds
Xaccro-bateX calls 30
sabre_laser checks
*** FLOP *** [3s 3d Kd]
Xaccro-bateX checks
sabre_laser checks
bandit11 bets 60
Xaccro-bateX calls 60
sabre_laser raises 90 to 150
bandit11 folds
Xaccro-bateX calls 90
*** TURN *** [3s 3d Kd][3h]
Xaccro-bateX checks
sabre_laser checks
*** RIVER *** [3s 3d Kd 3h][As]
Xaccro-bateX checks
sabre_laser bets 270
Xaccro-bateX calls 270
*** SHOW DOWN ***
Xaccro-bateX shows [Th Td] (Full of 3 and Tens)
sabre_laser shows [Ks 6c] (Full of 3 and Kings)
sabre_laser collected 1080 from pot
*** SUMMARY ***
Total pot 1080 | No rake
Board: [3s 3d Kd 3h As]
Seat 4: Xaccro-bateX (small blind) showed [Th Td] and lost with Full of 3 and Tens
Seat 5: sabre_laser (big blind) showed [Ks 6c] and won 1080 with Full of 3 and Kings


Winamax Poker - Tournament "KING 5 - Stade 1A" buyIn: Ticket only level: 3 - HandId: #469604366865662021-25-1423596550 - Holdem no limit (30/60) - 2015/02/10 19:29:10 UTC
Table: 'KING 5 - Stade 1A(109338287)#068' 9-max (real money) Seat #4 is the button
Seat 1: bandit11 (2848)
Seat 2: LaPovLucette (4946)
Seat 3: Sardine60 (3265)
Seat 4: Xaccro-bateX (3646)
Seat 5: sabre_laser (8574)
Seat 6: DARWIN-bch (3069)
Seat 7: BURTON38 (3128)
Seat 8: RaBBiJacKs (3450)
Seat 9: lkarl (3658)
*** ANTE/BLINDS ***
sabre_laser posts small blind 30
DARWIN-bch posts big blind 60
Dealt to sabre_laser [2c Qh]
*** PRE-FLOP *** 
BURTON38 folds
RaBBiJacKs folds
lkarl folds
bandit11 raises 180 to 240
LaPovLucette folds
Sardine60 folds
Xaccro-bateX folds
sabre_laser folds
DARWIN-bch folds
bandit11 collected 330 from pot
*** SUMMARY ***
Total pot 330 | No rake
Seat 1: bandit11 won 330


Winamax Poker - Tournament "KING 5 - Stade 1A" buyIn: Ticket only level: 3 - HandId: #469604366865662021-26-1423596594 - Holdem no limit (30/60) - 2015/02/10 19:29:54 UTC
Table: 'KING 5 - Stade 1A(109338287)#068' 9-max (real money) Seat #5 is the button
Seat 1: bandit11 (2938)
Seat 2: LaPovLucette (4946)
Seat 3: Sardine60 (3265)
Seat 4: Xaccro-bateX (3646)
Seat 5: sabre_laser (8544)
Seat 6: DARWIN-bch (3009)
Seat 7: BURTON38 (3128)
Seat 8: RaBBiJacKs (3450)
Seat 9: lkarl (3658)
*** ANTE/BLINDS ***
DARWIN-bch posts small blind 30
BURTON38 posts big blind 60
Dealt to sabre_laser [Th 9h]
*** PRE-FLOP *** 
RaBBiJacKs folds
lkarl folds
bandit11 folds
LaPovLucette raises 100 to 160
Sardine60 calls 160
Xaccro-bateX folds
sabre_laser folds
DARWIN-bch calls 130
BURTON38 folds
*** FLOP *** [8h 7h 6s]
DARWIN-bch checks
LaPovLucette checks
Sardine60 checks
*** TURN *** [8h 7h 6s][2s]
DARWIN-bch bets 405
LaPovLucette calls 405
Sardine60 raises 615 to 1020
DARWIN-bch folds
LaPovLucette folds
Sardine60 collected 2370 from pot
*** SUMMARY ***
Total pot 2370 | No rake
Board: [8h 7h 6s 2s]
Seat 3: Sardine60 won 2370


Winamax Poker - Tournament "KING 5 - Stade 1A" buyIn: Ticket only level: 3 - HandId: #469604366865662021-27-1423596710 - Holdem no limit (30/60) - 2015/02/10 19:31:50 UTC
Table: 'KING 5 - Stade 1A(109338287)#068' 9-max (real money) Seat #6 is the button
Seat 1: bandit11 (2938)
Seat 2: LaPovLucette (4381)
Seat 3: Sardine60 (4455)
Seat 4: Xaccro-bateX (3646)
Seat 5: sabre_laser (8544)
Seat 6: DARWIN-bch (2444)
Seat 7: BURTON38 (3068)
Seat 8: RaBBiJacKs (3450)
Seat 9: lkarl (3658)
*** ANTE/BLINDS ***
BURTON38 posts small blind 30
RaBBiJacKs posts big blind 60
Dealt to sabre_laser [Qd 8s]
*** PRE-FLOP *** 
lkarl folds
bandit11 folds
LaPovLucette folds
Sardine60 raises 120 to 180
Xaccro-bateX calls 180
sabre_laser folds
DARWIN-bch folds
BURTON38 folds
RaBBiJacKs folds
*** FLOP *** [9h 4h 8c]
Sardine60 checks
Xaccro-bateX checks
*** TURN *** [9h 4h 8c][Jh]
Sardine60 checks
Xaccro-bateX checks
*** RIVER *** [9h 4h 8c Jh][2c]
Sardine60 checks
Xaccro-bateX checks
*** SHOW DOWN ***
Xaccro-bateX shows [Ks 5s] (High card : King)
Sardine60 shows [Qc Ah] (High card : Ace)
Sardine60 collected 450 from pot
*** SUMMARY ***
Total pot 450 | No rake
Board: [9h 4h 8c Jh 2c]
Seat 3: Sardine60 showed [Qc Ah] and won 450 with High card : Ace
Seat 4: Xaccro-bateX showed [Ks 5s] and lost with High card : King


Winamax Poker - Tournament "KING 5 - Stade 1A" buyIn: Ticket only level: 4 - HandId: #469604366865662021-28-1423596797 - Holdem no limit (40/80) - 2015/02/10 19:33:17 UTC
Table: 'KING 5 - Stade 1A(109338287)#068' 9-max (real money) Seat #7 is the button
Seat 1: bandit11 (2938)
Seat 2: LaPovLucette (4381)
Seat 3: Sardine60 (4725)
Seat 4: Xaccro-bateX (3466)
Seat 5: sabre_laser (8544)
Seat 6: DARWIN-bch (2444)
Seat 7: BURTON38 (3038)
Seat 8: RaBBiJacKs (3390)
Seat 9: lkarl (3658)
*** ANTE/BLINDS ***
RaBBiJacKs posts small blind 40
lkarl posts big blind 80
Dealt to sabre_laser [9h 2c]
*** PRE-FLOP *** 
bandit11 raises 320 to 400
LaPovLucette folds
Sardine60 folds
Xaccro-bateX folds
sabre_laser folds
DARWIN-bch folds
BURTON38 folds
RaBBiJacKs folds
lkarl calls 320
*** FLOP *** [Qh 2h 3d]
lkarl checks
bandit11 bets 840
lkarl folds
bandit11 collected 1680 from pot
*** SUMMARY ***
Total pot 1680 | No rake
Board: [Qh 2h 3d]
Seat 1: bandit11 won 1680


Winamax Poker - Tournament "KING 5 - Stade 1A" buyIn: Ticket only level: 4 - HandId: #469604366865662021-29-1423596841 - Holdem no limit (40/80) - 2015/02/10 19:34:01 UTC
Table: 'KING 5 - Stade 1A(109338287)#068' 9-max (real money) Seat #8 is the button
Seat 1: bandit11 (3378)
Seat 2: LaPovLucette (4381)
Seat 3: Sardine60 (4725)
Seat 4: Xaccro-bateX (3466)
Seat 5: sabre_laser (8544)
Seat 6: DARWIN-bch (2444)
Seat 7: BURTON38 (3038)
Seat 8: RaBBiJacKs (3350)
Seat 9: lkarl (3258)
*** ANTE/BLINDS ***
lkarl posts small blind 40
bandit11 posts big blind 80
Dealt to sabre_laser [9d 6d]
*** PRE-FLOP *** 
LaPovLucette calls 80
Sardine60 calls 80
Xaccro-bateX folds
sabre_laser folds
DARWIN-bch raises 360 to 440
BURTON38 folds
RaBBiJacKs folds
lkarl folds
bandit11 folds
LaPovLucette raises 1000 to 1440
Sardine60 folds
DARWIN-bch folds
LaPovLucette collected 2080 from pot
*** SUMMARY ***
Total pot 2080 | No rake
Seat 2: LaPovLucette won 2080


Winamax Poker - Tournament "KING 5 - Stade 1A" buyIn: Ticket only level: 4 - HandId: #469604366865662021-30-1423596910 - Holdem no limit (40/80) - 2015/02/10 19:35:10 UTC
Table: 'KING 5 - Stade 1A(109338287)#068' 9-max (real money) Seat #9 is the button
Seat 1: bandit11 (3298)
Seat 2: LaPovLucette (5021)
Seat 3: Sardine60 (4645)
Seat 4: Xaccro-bateX (3466)
Seat 5: sabre_laser (8544)
Seat 6: DARWIN-bch (2004)
Seat 7: BURTON38 (3038)
Seat 8: RaBBiJacKs (3350)
Seat 9: lkarl (3218)
*** ANTE/BLINDS ***
bandit11 posts small blind 40
LaPovLucette posts big blind 80
Dealt to sabre_laser [Kd Js]
*** PRE-FLOP *** 
Sardine60 calls 80
Xaccro-bateX folds
sabre_laser raises 240 to 320
DARWIN-bch folds
BURTON38 calls 320
RaBBiJacKs folds
lkarl calls 320
bandit11 folds
LaPovLucette folds
Sardine60 folds
*** FLOP *** [Qc 9c As]
sabre_laser checks
BURTON38 bets 870
lkarl calls 870
sabre_laser folds
*** TURN *** [Qc 9c As][3d]
BURTON38 bets 1848 and is all-in
lkarl calls 1848
*** RIVER *** [Qc 9c As 3d][5h]
*** SHOW DOWN ***
BURTON38 shows [Kc Ah] (One pair : Aces)
lkarl shows [Ad Qd] (Two pairs : Aces and Queens)
lkarl collected 6596 from pot
*** SUMMARY ***
Total pot 6596 | No rake
Board: [Qc 9c As 3d 5h]
Seat 7: BURTON38 showed [Kc Ah] and lost with One pair : Aces
Seat 9: lkarl (button) showed [Ad Qd] and won 6596 with Two pairs : Aces and Queens


Winamax Poker - Tournament "KING 5 - Stade 1A" buyIn: Ticket only level: 4 - HandId: #469604366865662021-31-1423597012 - Holdem no limit (40/80) - 2015/02/10 19:36:52 UTC
Table: 'KING 5 - Stade 1A(109338287)#068' 9-max (real money) Seat #1 is the button
Seat 1: bandit11 (3258)
Seat 2: LaPovLucette (4941)
Seat 3: Sardine60 (4565)
Seat 4: Xaccro-bateX (3466)
Seat 5: sabre_laser (8224)
Seat 6: DARWIN-bch (2004)
Seat 8: RaBBiJacKs (3350)
Seat 9: lkarl (6776)
*** ANTE/BLINDS ***
LaPovLucette posts small blind 40
Sardine60 posts big blind 80
Dealt to sabre_laser [Qd 3s]
*** PRE-FLOP *** 
Xaccro-bateX calls 80
sabre_laser folds
DARWIN-bch folds
RaBBiJacKs folds
lkarl folds
bandit11 folds
LaPovLucette folds
Sardine60 checks
*** FLOP *** [Td 3d 8s]
Sardine60 bets 100
Xaccro-bateX calls 100
*** TURN *** [Td 3d 8s][5c]
Sardine60 bets 200
Xaccro-bateX calls 200
*** RIVER *** [Td 3d 8s 5c][Ts]
Sardine60 bets 533
Xaccro-bateX folds
Sardine60 collected 1333 from pot
*** SUMMARY ***
Total pot 1333 | No rake
Board: [Td 3d 8s 5c Ts]
Seat 3: Sardine60 (big blind) won 1333


Winamax Poker - Tournament "KING 5 - Stade 1A" buyIn: Ticket only level: 4 - HandId: #469604366865662021-32-1423597058 - Holdem no limit (40/80) - 2015/02/10 19:37:38 UTC
Table: 'KING 5 - Stade 1A(109338287)#068' 9-max (real money) Seat #2 is the button
Seat 1: bandit11 (3258)
Seat 2: LaPovLucette (4901)
Seat 3: Sardine60 (4985)
Seat 4: Xaccro-bateX (3086)
Seat 5: sabre_laser (8224)
Seat 6: DARWIN-bch (2004)
Seat 8: RaBBiJacKs (3350)
Seat 9: lkarl (6776)
*** ANTE/BLINDS ***
Sardine60 posts small blind 40
Xaccro-bateX posts big blind 80
Dealt to sabre_laser [6c Ad]
*** PRE-FLOP *** 
sabre_laser folds
DARWIN-bch folds
RaBBiJacKs folds
lkarl folds
bandit11 folds
LaPovLucette folds
Sardine60 raises 120 to 200
Xaccro-bateX raises 400 to 600
Sardine60 folds
Xaccro-bateX collected 800 from pot
*** SUMMARY ***
Total pot 800 | No rake
Seat 4: Xaccro-bateX (big blind) won 800


Winamax Poker - Tournament "KING 5 - Stade 1A" buyIn: Ticket only level: 4 - HandId: #469604366865662021-33-1423597144 - Holdem no limit (40/80) - 2015/02/10 19:39:04 UTC
Table: 'KING 5 - Stade 1A(109338287)#068' 9-max (real money) Seat #3 is the button
Seat 1: bandit11 (3258)
Seat 2: LaPovLucette (4901)
Seat 3: Sardine60 (4785)
Seat 4: Xaccro-bateX (3286)
Seat 5: sabre_laser (8224)
Seat 6: DARWIN-bch (2004)
Seat 7: PimpyLimpy (4000)
Seat 8: RaBBiJacKs (3350)
Seat 9: lkarl (6776)
*** ANTE/BLINDS ***
Xaccro-bateX posts small blind 40
sabre_laser posts big blind 80
Dealt to sabre_laser [3d Ts]
*** PRE-FLOP *** 
DARWIN-bch folds
PimpyLimpy folds
RaBBiJacKs folds
lkarl folds
bandit11 raises 80 to 160
LaPovLucette folds
Sardine60 folds
Xaccro-bateX calls 120
sabre_laser folds
*** FLOP *** [5s 7c 2h]
Xaccro-bateX checks
bandit11 bets 200
Xaccro-bateX calls 200
*** TURN *** [5s 7c 2h][6h]
Xaccro-bateX checks
bandit11 checks
*** RIVER *** [5s 7c 2h 6h][Qc]
Xaccro-bateX checks
bandit11 bets 240
Xaccro-bateX calls 240
*** SHOW DOWN ***
Xaccro-bateX shows [8s 8h] (One pair : 8)
bandit11 shows [Qd Ad] (One pair : Queens)
bandit11 collected 1280 from pot
*** SUMMARY ***
Total pot 1280 | No rake
Board: [5s 7c 2h 6h Qc]
Seat 1: bandit11 showed [Qd Ad] and won 1280 with One pair : Queens
Seat 4: Xaccro-bateX (small blind) showed [8s 8h] and lost with One pair : 8


Winamax Poker - Tournament "KING 5 - Stade 1A" buyIn: Ticket only level: 4 - HandId: #469604366865662021-34-1423597201 - Holdem no limit (40/80) - 2015/02/10 19:40:01 UTC
Table: 'KING 5 - Stade 1A(109338287)#068' 9-max (real money) Seat #4 is the button
Seat 1: bandit11 (3938)
Seat 2: LaPovLucette (4901)
Seat 3: Sardine60 (4785)
Seat 4: Xaccro-bateX (2686)
Seat 5: sabre_laser (8144)
Seat 6: DARWIN-bch (2004)
Seat 7: PimpyLimpy (4000)
Seat 8: RaBBiJacKs (3350)
Seat 9: lkarl (6776)
*** ANTE/BLINDS ***
sabre_laser posts small blind 40
DARWIN-bch posts big blind 80
Dealt to sabre_laser [3d 6s]
*** PRE-FLOP *** 
PimpyLimpy folds
RaBBiJacKs calls 80
lkarl raises 120 to 200
bandit11 folds
LaPovLucette folds
Sardine60 raises 160 to 360
Xaccro-bateX folds
sabre_laser folds
DARWIN-bch folds
RaBBiJacKs folds
lkarl calls 160
*** FLOP *** [Ac 3s 9s]
lkarl checks
Sardine60 bets 613
lkarl folds
Sardine60 collected 1533 from pot
*** SUMMARY ***
Total pot 1533 | No rake
Board: [Ac 3s 9s]
Seat 3: Sardine60 won 1533


Winamax Poker - Tournament "KING 5 - Stade 1A" buyIn: Ticket only level: 5 - HandId: #469604366865662021-35-1423597245 - Holdem no limit (60/120) - 2015/02/10 19:40:45 UTC
Table: 'KING 5 - Stade 1A(109338287)#068' 9-max (real money) Seat #5 is the button
Seat 1: bandit11 (3938)
Seat 2: LaPovLucette (4901)
Seat 3: Sardine60 (5345)
Seat 4: Xaccro-bateX (2686)
Seat 5: sabre_laser (8104)
Seat 6: DARWIN-bch (1924)
Seat 7: PimpyLimpy (4000)
Seat 8: RaBBiJacKs (3270)
Seat 9: lkarl (6416)
*** ANTE/BLINDS ***
DARWIN-bch posts small blind 60
PimpyLimpy posts big blind 120
Dealt to sabre_laser [6s As]
*** PRE-FLOP *** 
RaBBiJacKs folds
lkarl folds
bandit11 folds
LaPovLucette folds
Sardine60 raises 240 to 360
Xaccro-bateX folds
sabre_laser raises 720 to 1080
DARWIN-bch folds
PimpyLimpy folds
Sardine60 calls 720
*** FLOP *** [Qs Ad 5c]
Sardine60 checks
sabre_laser checks
*** TURN *** [Qs Ad 5c][4c]
Sardine60 bets 480
sabre_laser calls 480
*** RIVER *** [Qs Ad 5c 4c][Ah]
Sardine60 bets 1650
sabre_laser raises 4894 to 6544 and is all-in
Sardine60 calls 2135 and is all-in
*** SHOW DOWN ***
Sardine60 shows [Qc Qh] (Full of Queens and Aces)
sabre_laser shows [6s As] (Trips of Aces)
sabre_laser collected 2759 from side pot 1
Sardine60 collected 10870 from main pot
*** SUMMARY ***
Total pot 13629 | No rake
Board: [Qs Ad 5c 4c Ah]
Seat 3: Sardine60 showed [Qc Qh] and won 10870 with Full of Queens and Aces
Seat 5: sabre_laser (button) showed [6s As] and won 2759 with Trips of Aces


Winamax Poker - Tournament "KING 5 - Stade 1A" buyIn: Ticket only level: 5 - HandId: #469604366865662021-36-1423597353 - Holdem no limit (60/120) - 2015/02/10 19:42:33 UTC
Table: 'KING 5 - Stade 1A(109338287)#068' 9-max (real money) Seat #6 is the button
Seat 1: bandit11 (3938)
Seat 2: LaPovLucette (4901)
Seat 3: Sardine60 (10870)
Seat 4: Xaccro-bateX (2686)
Seat 5: sabre_laser (2759)
Seat 6: DARWIN-bch (1864)
Seat 7: PimpyLimpy (3880)
Seat 8: RaBBiJacKs (3270)
Seat 9: lkarl (6416)
*** ANTE/BLINDS ***
PimpyLimpy posts small blind 60
RaBBiJacKs posts big blind 120
Dealt to sabre_laser [6s 3c]
*** PRE-FLOP *** 
lkarl folds
bandit11 raises 120 to 240
LaPovLucette folds
Sardine60 folds
Xaccro-bateX calls 240
sabre_laser folds
DARWIN-bch folds
PimpyLimpy folds
RaBBiJacKs raises 360 to 600
bandit11 calls 360
Xaccro-bateX calls 360
*** FLOP *** [Jd Js 9s]
RaBBiJacKs bets 930
bandit11 folds
Xaccro-bateX folds
RaBBiJacKs collected 2790 from pot
*** SUMMARY ***
Total pot 2790 | No rake
Board: [Jd Js 9s]
Seat 8: RaBBiJacKs (big blind) won 2790


Winamax Poker - Tournament "KING 5 - Stade 1A" buyIn: Ticket only level: 5 - HandId: #469604366865662021-37-1423597450 - Holdem no limit (60/120) - 2015/02/10 19:44:10 UTC
Table: 'KING 5 - Stade 1A(109338287)#068' 9-max (real money) Seat #7 is the button
Seat 1: bandit11 (3338)
Seat 2: LaPovLucette (4901)
Seat 3: Sardine60 (10870)
Seat 4: Xaccro-bateX (2086)
Seat 5: sabre_laser (2759)
Seat 6: DARWIN-bch (1864)
Seat 7: PimpyLimpy (3820)
Seat 8: RaBBiJacKs (4530)
Seat 9: lkarl (6416)
*** ANTE/BLINDS ***
RaBBiJacKs posts small blind 60
lkarl posts big blind 120
Dealt to sabre_laser [Ts 4c]
*** PRE-FLOP *** 
bandit11 calls 120
LaPovLucette folds
Sardine60 folds
Xaccro-bateX folds
sabre_laser folds
DARWIN-bch raises 1744 to 1864 and is all-in
PimpyLimpy calls 1864
RaBBiJacKs folds
lkarl folds
bandit11 folds
*** FLOP *** [Jc 5s 4h]
*** TURN *** [Jc 5s 4h][Jh]
*** RIVER *** [Jc 5s 4h Jh][6s]
*** SHOW DOWN ***
PimpyLimpy shows [Ks Kd] (Two pairs : Kings and Jacks)
DARWIN-bch shows [Js As] (Trips of Jacks)
DARWIN-bch collected 4028 from pot
*** SUMMARY ***
Total pot 4028 | No rake
Board: [Jc 5s 4h Jh 6s]
Seat 6: DARWIN-bch showed [Js As] and won 4028 with Trips of Jacks
Seat 7: PimpyLimpy (button) showed [Ks Kd] and lost with Two pairs : Kings and Jacks


Winamax Poker - Tournament "KING 5 - Stade 1A" buyIn: Ticket only level: 5 - HandId: #469604366865662021-38-1423597493 - Holdem no limit (60/120) - 2015/02/10 19:44:53 UTC
Table: 'KING 5 - Stade 1A(109338287)#068' 9-max (real money) Seat #8 is the button
Seat 1: bandit11 (3218)
Seat 2: LaPovLucette (4901)
Seat 3: Sardine60 (10870)
Seat 4: Xaccro-bateX (2086)
Seat 5: sabre_laser (2759)
Seat 6: DARWIN-bch (4028)
Seat 7: PimpyLimpy (1956)
Seat 8: RaBBiJacKs (4470)
Seat 9: lkarl (6296)
*** ANTE/BLINDS ***
lkarl posts small blind 60
bandit11 posts big blind 120
Dealt to sabre_laser [3c 5s]
*** PRE-FLOP *** 
LaPovLucette folds
Sardine60 folds
Xaccro-bateX folds
sabre_laser folds
DARWIN-bch folds
PimpyLimpy folds
RaBBiJacKs folds
lkarl raises 180 to 300
bandit11 calls 180
*** FLOP *** [4c 9d Js]
lkarl checks
bandit11 bets 360
lkarl calls 360
*** TURN *** [4c 9d Js][Ad]
lkarl checks
bandit11 checks
*** RIVER *** [4c 9d Js Ad][9s]
lkarl checks
bandit11 bets 720
lkarl calls 720
*** SHOW DOWN ***
bandit11 shows [7s 4s] (Two pairs : 9 and 4)
lkarl shows [Qs Qd] (Two pairs : Queens and 9)
lkarl collected 2760 from pot
*** SUMMARY ***
Total pot 2760 | No rake
Board: [4c 9d Js Ad 9s]
Seat 1: bandit11 (big blind) showed [7s 4s] and lost with Two pairs : 9 and 4
Seat 9: lkarl (small blind) showed [Qs Qd] and won 2760 with Two pairs : Queens and 9


Winamax Poker - Tournament "KING 5 - Stade 1A" buyIn: Ticket only level: 5 - HandId: #469604366865662021-39-1423597561 - Holdem no limit (60/120) - 2015/02/10 19:46:01 UTC
Table: 'KING 5 - Stade 1A(109338287)#068' 9-max (real money) Seat #9 is the button
Seat 1: bandit11 (1838)
Seat 2: LaPovLucette (4901)
Seat 3: Sardine60 (10870)
Seat 4: Xaccro-bateX (2086)
Seat 5: sabre_laser (2759)
Seat 6: DARWIN-bch (4028)
Seat 7: PimpyLimpy (1956)
Seat 8: RaBBiJacKs (4470)
Seat 9: lkarl (7676)
*** ANTE/BLINDS ***
bandit11 posts small blind 60
LaPovLucette posts big blind 120
Dealt to sabre_laser [7d Ks]
*** PRE-FLOP *** 
Sardine60 folds
Xaccro-bateX calls 120
sabre_laser folds
DARWIN-bch folds
PimpyLimpy folds
RaBBiJacKs folds
lkarl folds
bandit11 folds
LaPovLucette checks
*** FLOP *** [5s 9c 7h]
LaPovLucette checks
Xaccro-bateX checks
*** TURN *** [5s 9c 7h][As]
LaPovLucette checks
Xaccro-bateX checks
*** RIVER *** [5s 9c 7h As][Qd]
LaPovLucette checks
Xaccro-bateX checks
*** SHOW DOWN ***
LaPovLucette shows [3h Jd] (High card : Ace)
Xaccro-bateX shows [Jc 5c] (One pair : 5)
Xaccro-bateX collected 300 from pot
*** SUMMARY ***
Total pot 300 | No rake
Board: [5s 9c 7h As Qd]
Seat 2: LaPovLucette (big blind) showed [3h Jd] and lost with High card : Ace
Seat 4: Xaccro-bateX showed [Jc 5c] and won 300 with One pair : 5


Winamax Poker - Tournament "KING 5 - Stade 1A" buyIn: Ticket only level: 5 - HandId: #469604366865662021-40-1423597607 - Holdem no limit (60/120) - 2015/02/10 19:46:47 UTC
Table: 'KING 5 - Stade 1A(109338287)#068' 9-max (real money) Seat #1 is the button
Seat 1: bandit11 (1778)
Seat 2: LaPovLucette (4781)
Seat 3: Sardine60 (10870)
Seat 4: Xaccro-bateX (2266)
Seat 5: sabre_laser (2759)
Seat 6: DARWIN-bch (4028)
Seat 7: PimpyLimpy (1956)
Seat 8: RaBBiJacKs (4470)
Seat 9: lkarl (7676)
*** ANTE/BLINDS ***
LaPovLucette posts small blind 60
Sardine60 posts big blind 120
Dealt to sabre_laser [7d 5h]
*** PRE-FLOP *** 
Xaccro-bateX folds
sabre_laser folds
DARWIN-bch raises 180 to 300
PimpyLimpy folds
RaBBiJacKs folds
lkarl calls 300
bandit11 raises 180 to 480
LaPovLucette folds
Sardine60 folds
DARWIN-bch calls 180
lkarl calls 180
*** FLOP *** [6s Jh 4d]
DARWIN-bch checks
lkarl checks
bandit11 bets 1298 and is all-in
DARWIN-bch folds
lkarl folds
bandit11 collected 2918 from pot
*** SUMMARY ***
Total pot 2918 | No rake
Board: [6s Jh 4d]
Seat 1: bandit11 (button) won 2918


Winamax Poker - Tournament "KING 5 - Stade 1A" buyIn: Ticket only level: 5 - HandId: #469604366865662021-41-1423597684 - Holdem no limit (60/120) - 2015/02/10 19:48:04 UTC
Table: 'KING 5 - Stade 1A(109338287)#068' 9-max (real money) Seat #2 is the button
Seat 1: bandit11 (2918)
Seat 2: LaPovLucette (4721)
Seat 3: Sardine60 (10750)
Seat 4: Xaccro-bateX (2266)
Seat 5: sabre_laser (2759)
Seat 6: DARWIN-bch (3548)
Seat 7: PimpyLimpy (1956)
Seat 8: RaBBiJacKs (4470)
Seat 9: lkarl (7196)
*** ANTE/BLINDS ***
Sardine60 posts small blind 60
Xaccro-bateX posts big blind 120
Dealt to sabre_laser [2c 2s]
*** PRE-FLOP *** 
sabre_laser folds
DARWIN-bch raises 120 to 240
PimpyLimpy folds
RaBBiJacKs folds
lkarl folds
bandit11 folds
LaPovLucette folds
Sardine60 folds
Xaccro-bateX calls 120
*** FLOP *** [Qd 5s 3c]
Xaccro-bateX checks
DARWIN-bch bets 360
Xaccro-bateX raises 1666 to 2026 and is all-in
DARWIN-bch folds
Xaccro-bateX collected 2926 from pot
*** SUMMARY ***
Total pot 2926 | No rake
Board: [Qd 5s 3c]
Seat 4: Xaccro-bateX (big blind) won 2926


Winamax Poker - Tournament "KING 5 - Stade 1A" buyIn: Ticket only level: 6 - HandId: #469604366865662021-42-1423597726 - Holdem no limit (15/75/150) - 2015/02/10 19:48:46 UTC
Table: 'KING 5 - Stade 1A(109338287)#068' 9-max (real money) Seat #3 is the button
Seat 1: bandit11 (2918)
Seat 2: LaPovLucette (4721)
Seat 3: Sardine60 (10690)
Seat 4: Xaccro-bateX (2926)
Seat 5: sabre_laser (2759)
Seat 6: DARWIN-bch (2948)
Seat 7: PimpyLimpy (1956)
Seat 8: RaBBiJacKs (4470)
Seat 9: lkarl (7196)
*** ANTE/BLINDS ***
Xaccro-bateX posts ante 15
sabre_laser posts ante 15
bandit11 posts ante 15
LaPovLucette posts ante 15
Sardine60 posts ante 15
DARWIN-bch posts ante 15
PimpyLimpy posts ante 15
RaBBiJacKs posts ante 15
lkarl posts ante 15
Xaccro-bateX posts small blind 75
sabre_laser posts big blind 150
Dealt to sabre_laser [2h 9c]
*** PRE-FLOP *** 
DARWIN-bch folds
PimpyLimpy folds
RaBBiJacKs calls 150
lkarl folds
bandit11 folds
LaPovLucette folds
Sardine60 folds
Xaccro-bateX calls 75
sabre_laser checks
*** FLOP *** [Qd Ad As]
Xaccro-bateX checks
sabre_laser checks
RaBBiJacKs checks
*** TURN *** [Qd Ad As][8h]
Xaccro-bateX checks
sabre_laser bets 585
RaBBiJacKs calls 585
Xaccro-bateX folds
*** RIVER *** [Qd Ad As 8h][6c]
sabre_laser checks
RaBBiJacKs bets 1995
sabre_laser folds
RaBBiJacKs collected 3750 from pot
*** SUMMARY ***
Total pot 3750 | No rake
Board: [Qd Ad As 8h 6c]
Seat 8: RaBBiJacKs won 3750


Winamax Poker - Tournament "KING 5 - Stade 1A" buyIn: Ticket only level: 6 - HandId: #469604366865662021-43-1423597816 - Holdem no limit (15/75/150) - 2015/02/10 19:50:16 UTC
Table: 'KING 5 - Stade 1A(109338287)#068' 9-max (real money) Seat #4 is the button
Seat 1: bandit11 (2903)
Seat 2: LaPovLucette (4706)
Seat 3: Sardine60 (10675)
Seat 4: Xaccro-bateX (2761)
Seat 5: sabre_laser (2009)
Seat 6: DARWIN-bch (2933)
Seat 7: PimpyLimpy (1941)
Seat 8: RaBBiJacKs (5475)
Seat 9: lkarl (7181)
*** ANTE/BLINDS ***
sabre_laser posts ante 15
DARWIN-bch posts ante 15
bandit11 posts ante 15
LaPovLucette posts ante 15
Sardine60 posts ante 15
Xaccro-bateX posts ante 15
PimpyLimpy posts ante 15
RaBBiJacKs posts ante 15
lkarl posts ante 15
sabre_laser posts small blind 75
DARWIN-bch posts big blind 150
Dealt to sabre_laser [Kc 6d]
*** PRE-FLOP *** 
PimpyLimpy folds
RaBBiJacKs folds
lkarl folds
bandit11 folds
LaPovLucette folds
Sardine60 raises 300 to 450
Xaccro-bateX folds
sabre_laser folds
DARWIN-bch folds
Sardine60 collected 810 from pot
*** SUMMARY ***
Total pot 810 | No rake
Seat 3: Sardine60 won 810


Winamax Poker - Tournament "KING 5 - Stade 1A" buyIn: Ticket only level: 6 - HandId: #469604366865662021-44-1423597871 - Holdem no limit (15/75/150) - 2015/02/10 19:51:11 UTC
Table: 'KING 5 - Stade 1A(109338287)#068' 9-max (real money) Seat #5 is the button
Seat 1: bandit11 (2888)
Seat 2: LaPovLucette (4691)
Seat 3: Sardine60 (11020)
Seat 4: Xaccro-bateX (2746)
Seat 5: sabre_laser (1919)
Seat 6: DARWIN-bch (2768)
Seat 7: PimpyLimpy (1926)
Seat 8: RaBBiJacKs (5460)
Seat 9: lkarl (7166)
*** ANTE/BLINDS ***
DARWIN-bch posts ante 15
PimpyLimpy posts ante 15
bandit11 posts ante 15
LaPovLucette posts ante 15
Sardine60 posts ante 15
Xaccro-bateX posts ante 15
sabre_laser posts ante 15
RaBBiJacKs posts ante 15
lkarl posts ante 15
DARWIN-bch posts small blind 75
PimpyLimpy posts big blind 150
Dealt to sabre_laser [3d 4h]
*** PRE-FLOP *** 
RaBBiJacKs folds
lkarl folds
bandit11 folds
LaPovLucette folds
Sardine60 raises 450 to 600
Xaccro-bateX raises 2131 to 2731 and is all-in
sabre_laser folds
DARWIN-bch folds
PimpyLimpy folds
Sardine60 calls 2131
*** FLOP *** [Jh 6s 5s]
*** TURN *** [Jh 6s 5s][As]
*** RIVER *** [Jh 6s 5s As][6h]
*** SHOW DOWN ***
Xaccro-bateX shows [Ac Kh] (Two pairs : Aces and 6)
Sardine60 shows [Jc Jd] (Full of Jacks and 6)
Sardine60 collected 5822 from pot
*** SUMMARY ***
Total pot 5822 | No rake
Board: [Jh 6s 5s As 6h]
Seat 3: Sardine60 showed [Jc Jd] and won 5822 with Full of Jacks and 6
Seat 4: Xaccro-bateX showed [Ac Kh] and lost with Two pairs : Aces and 6


Winamax Poker - Tournament "KING 5 - Stade 1A" buyIn: Ticket only level: 6 - HandId: #469604366865662021-45-1423597912 - Holdem no limit (15/75/150) - 2015/02/10 19:51:52 UTC
Table: 'KING 5 - Stade 1A(109338287)#068' 9-max (real money) Seat #6 is the button
Seat 1: bandit11 (2873)
Seat 2: LaPovLucette (4676)
Seat 3: Sardine60 (14096)
Seat 5: sabre_laser (1904)
Seat 6: DARWIN-bch (2678)
Seat 7: PimpyLimpy (1761)
Seat 8: RaBBiJacKs (5445)
Seat 9: lkarl (7151)
*** ANTE/BLINDS ***
PimpyLimpy posts ante 15
RaBBiJacKs posts ante 15
bandit11 posts ante 15
LaPovLucette posts ante 15
Sardine60 posts ante 15
sabre_laser posts ante 15
DARWIN-bch posts ante 15
lkarl posts ante 15
PimpyLimpy posts small blind 75
RaBBiJacKs posts big blind 150
Dealt to sabre_laser [4c Ad]
*** PRE-FLOP *** 
lkarl folds
bandit11 calls 150
LaPovLucette folds
Sardine60 folds
sabre_laser folds
DARWIN-bch folds
PimpyLimpy calls 75
RaBBiJacKs checks
*** FLOP *** [9d 6s 6d]
PimpyLimpy checks
RaBBiJacKs checks
bandit11 bets 225
PimpyLimpy folds
RaBBiJacKs calls 225
*** TURN *** [9d 6s 6d][4s]
RaBBiJacKs checks
bandit11 bets 375
RaBBiJacKs calls 375
*** RIVER *** [9d 6s 6d 4s][5c]
RaBBiJacKs checks
bandit11 checks
*** SHOW DOWN ***
bandit11 shows [2d Ah] (One pair : 6)
RaBBiJacKs shows [As Qh] (One pair : 6)
RaBBiJacKs collected 1770 from pot
*** SUMMARY ***
Total pot 1770 | No rake
Board: [9d 6s 6d 4s 5c]
Seat 1: bandit11 showed [2d Ah] and lost with One pair : 6
Seat 8: RaBBiJacKs (big blind) showed [As Qh] and won 1770 with One pair : 6


Winamax Poker - Tournament "KING 5 - Stade 1A" buyIn: Ticket only level: 6 - HandId: #469604366865662021-46-1423597997 - Holdem no limit (15/75/150) - 2015/02/10 19:53:17 UTC
Table: 'KING 5 - Stade 1A(109338287)#068' 9-max (real money) Seat #7 is the button
Seat 1: bandit11 (2108)
Seat 2: LaPovLucette (4661)
Seat 3: Sardine60 (14081)
Seat 4: sosprono (3557)
Seat 5: sabre_laser (1889)
Seat 6: DARWIN-bch (2663)
Seat 7: PimpyLimpy (1596)
Seat 8: RaBBiJacKs (6450)
Seat 9: lkarl (7136)
*** ANTE/BLINDS ***
RaBBiJacKs posts ante 15
lkarl posts ante 15
bandit11 posts ante 15
LaPovLucette posts ante 15
Sardine60 posts ante 15
sosprono posts ante 15
sabre_laser posts ante 15
DARWIN-bch posts ante 15
PimpyLimpy posts ante 15
RaBBiJacKs posts small blind 75
lkarl posts big blind 150
Dealt to sabre_laser [5s Kc]
*** PRE-FLOP *** 
bandit11 calls 150
LaPovLucette folds
Sardine60 folds
sosprono calls 150
sabre_laser folds
DARWIN-bch folds
PimpyLimpy folds
RaBBiJacKs folds
lkarl checks
*** FLOP *** [Ah 9c Qc]
lkarl checks
bandit11 bets 300
sosprono folds
lkarl calls 300
*** TURN *** [Ah 9c Qc][7c]
lkarl checks
bandit11 bets 1260
lkarl raises 1260 to 2520
bandit11 calls 383 and is all-in
*** RIVER *** [Ah 9c Qc 7c][3h]
*** SHOW DOWN ***
bandit11 shows [Jc 8c] (Flush Queen high)
lkarl shows [9h 7s] (Two pairs : 9 and 7)
lkarl collected 877 from side pot 1
bandit11 collected 4546 from main pot
*** SUMMARY ***
Total pot 5423 | No rake
Board: [Ah 9c Qc 7c 3h]
Seat 1: bandit11 showed [Jc 8c] and won 4546 with Flush Queen high
Seat 9: lkarl (big blind) showed [9h 7s] and won 877 with Two pairs : 9 and 7


Winamax Poker - Tournament "KING 5 - Stade 1A" buyIn: Ticket only level: 6 - HandId: #469604366865662021-47-1423598082 - Holdem no limit (15/75/150) - 2015/02/10 19:54:42 UTC
Table: 'KING 5 - Stade 1A(109338287)#068' 9-max (real money) Seat #8 is the button
Seat 1: bandit11 (4546)
Seat 2: LaPovLucette (4646)
Seat 3: Sardine60 (14066)
Seat 4: sosprono (3392)
Seat 5: sabre_laser (1874)
Seat 6: DARWIN-bch (2648)
Seat 7: PimpyLimpy (1581)
Seat 8: RaBBiJacKs (6360)
Seat 9: lkarl (5028)
*** ANTE/BLINDS ***
lkarl posts ante 15
bandit11 posts ante 15
LaPovLucette posts ante 15
Sardine60 posts ante 15
sosprono posts ante 15
sabre_laser posts ante 15
DARWIN-bch posts ante 15
PimpyLimpy posts ante 15
RaBBiJacKs posts ante 15
lkarl posts small blind 75
bandit11 posts big blind 150
Dealt to sabre_laser [2c 3d]
*** PRE-FLOP *** 
LaPovLucette folds
Sardine60 folds
sosprono folds
sabre_laser folds
DARWIN-bch folds
PimpyLimpy folds
RaBBiJacKs folds
lkarl raises 150 to 300
bandit11 calls 150
*** FLOP *** [Kd 8c Ah]
lkarl checks
bandit11 checks
*** TURN *** [Kd 8c Ah][5s]
lkarl checks
bandit11 bets 375
lkarl folds
bandit11 shows [Qd Qs] (One pair : Queens)
bandit11 collected 1110 from pot
*** SUMMARY ***
Total pot 1110 | No rake
Board: [Kd 8c Ah 5s]
Seat 1: bandit11 (big blind) showed [Qd Qs] and won 1110 with One pair : Queens


Winamax Poker - Tournament "KING 5 - Stade 1A" buyIn: Ticket only level: 6 - HandId: #469604366865662021-48-1423598403 - Holdem no limit (15/75/150) - 2015/02/10 20:00:03 UTC
Table: 'KING 5 - Stade 1A(109338287)#068' 9-max (real money) Seat #9 is the button
Seat 1: bandit11 (4966)
Seat 2: LaPovLucette (4631)
Seat 3: Sardine60 (14051)
Seat 4: sosprono (3377)
Seat 5: sabre_laser (1859)
Seat 6: DARWIN-bch (2633)
Seat 7: PimpyLimpy (1566)
Seat 8: RaBBiJacKs (6345)
Seat 9: lkarl (4713)
*** ANTE/BLINDS ***
bandit11 posts ante 15
LaPovLucette posts ante 15
Sardine60 posts ante 15
sosprono posts ante 15
sabre_laser posts ante 15
DARWIN-bch posts ante 15
PimpyLimpy posts ante 15
RaBBiJacKs posts ante 15
lkarl posts ante 15
bandit11 posts small blind 75
LaPovLucette posts big blind 150
Dealt to sabre_laser [5c 8c]
*** PRE-FLOP *** 
Sardine60 folds
sosprono raises 150 to 300
sabre_laser folds
DARWIN-bch folds
PimpyLimpy folds
RaBBiJacKs folds
lkarl folds
bandit11 folds
LaPovLucette folds
sosprono collected 660 from pot
*** SUMMARY ***
Total pot 660 | No rake
Seat 4: sosprono won 660


Winamax Poker - Tournament "KING 5 - Stade 1A" buyIn: Ticket only level: 6 - HandId: #469604366865662021-49-1423598433 - Holdem no limit (15/75/150) - 2015/02/10 20:00:33 UTC
Table: 'KING 5 - Stade 1A(109338287)#068' 9-max (real money) Seat #1 is the button
Seat 1: bandit11 (4876)
Seat 2: LaPovLucette (4466)
Seat 3: Sardine60 (14036)
Seat 4: sosprono (3722)
Seat 5: sabre_laser (1844)
Seat 6: DARWIN-bch (2618)
Seat 7: PimpyLimpy (1551)
Seat 8: RaBBiJacKs (6330)
Seat 9: lkarl (4698)
*** ANTE/BLINDS ***
LaPovLucette posts ante 15
Sardine60 posts ante 15
bandit11 posts ante 15
sosprono posts ante 15
sabre_laser posts ante 15
DARWIN-bch posts ante 15
PimpyLimpy posts ante 15
RaBBiJacKs posts ante 15
lkarl posts ante 15
LaPovLucette posts small blind 75
Sardine60 posts big blind 150
Dealt to sabre_laser [Kd 2s]
*** PRE-FLOP *** 
sosprono folds
sabre_laser folds
DARWIN-bch folds
PimpyLimpy raises 1386 to 1536 and is all-in
RaBBiJacKs folds
lkarl folds
bandit11 calls 1536
LaPovLucette folds
Sardine60 folds
*** FLOP *** [8d Jh 9c]
*** TURN *** [8d Jh 9c][Js]
*** RIVER *** [8d Jh 9c Js][9d]
*** SHOW DOWN ***
bandit11 shows [Qc Ac] (Two pairs : Jacks and 9)
PimpyLimpy shows [6h Ah] (Two pairs : Jacks and 9)
PimpyLimpy collected 1716 from pot
bandit11 collected 1716 from pot
*** SUMMARY ***
Total pot 3432 | No rake
Board: [8d Jh 9c Js 9d]
Seat 1: bandit11 (button) showed [Qc Ac] and won 1716 with Two pairs : Jacks and 9
Seat 7: PimpyLimpy showed [6h Ah] and won 1716 with Two pairs : Jacks and 9


Winamax Poker - Tournament "KING 5 - Stade 1A" buyIn: Ticket only level: 7 - HandId: #469604366865662021-50-1423598488 - Holdem no limit (20/100/200) - 2015/02/10 20:01:28 UTC
Table: 'KING 5 - Stade 1A(109338287)#068' 9-max (real money) Seat #2 is the button
Seat 1: bandit11 (5041)
Seat 2: LaPovLucette (4376)
Seat 3: Sardine60 (13871)
Seat 4: sosprono (3707)
Seat 5: sabre_laser (1829)
Seat 6: DARWIN-bch (2603)
Seat 7: PimpyLimpy (1716)
Seat 8: RaBBiJacKs (6315)
Seat 9: lkarl (4683)
*** ANTE/BLINDS ***
Sardine60 posts ante 20
sosprono posts ante 20
bandit11 posts ante 20
LaPovLucette posts ante 20
sabre_laser posts ante 20
DARWIN-bch posts ante 20
PimpyLimpy posts ante 20
RaBBiJacKs posts ante 20
lkarl posts ante 20
Sardine60 posts small blind 100
sosprono posts big blind 200
Dealt to sabre_laser [8d Ks]
*** PRE-FLOP *** 
sabre_laser folds
DARWIN-bch folds
PimpyLimpy raises 1496 to 1696 and is all-in
RaBBiJacKs folds
lkarl folds
bandit11 folds
LaPovLucette folds
Sardine60 folds
sosprono folds
PimpyLimpy collected 2176 from pot
*** SUMMARY ***
Total pot 2176 | No rake
Seat 7: PimpyLimpy won 2176


Winamax Poker - Tournament "KING 5 - Stade 1A" buyIn: Ticket only level: 7 - HandId: #469604366865662021-51-1423598523 - Holdem no limit (20/100/200) - 2015/02/10 20:02:03 UTC
Table: 'KING 5 - Stade 1A(109338287)#068' 9-max (real money) Seat #3 is the button
Seat 1: bandit11 (5021)
Seat 2: LaPovLucette (4356)
Seat 3: Sardine60 (13751)
Seat 4: sosprono (3487)
Seat 5: sabre_laser (1809)
Seat 6: DARWIN-bch (2583)
Seat 7: PimpyLimpy (2176)
Seat 8: RaBBiJacKs (6295)
Seat 9: lkarl (4663)
*** ANTE/BLINDS ***
sosprono posts ante 20
sabre_laser posts ante 20
bandit11 posts ante 20
LaPovLucette posts ante 20
Sardine60 posts ante 20
DARWIN-bch posts ante 20
PimpyLimpy posts ante 20
RaBBiJacKs posts ante 20
lkarl posts ante 20
sosprono posts small blind 100
sabre_laser posts big blind 200
Dealt to sabre_laser [Kd As]
*** PRE-FLOP *** 
DARWIN-bch folds
PimpyLimpy folds
RaBBiJacKs calls 200
lkarl folds
bandit11 folds
LaPovLucette folds
Sardine60 folds
sosprono folds
sabre_laser checks
*** FLOP *** [6c 9d Kh]
sabre_laser bets 300
RaBBiJacKs calls 300
*** TURN *** [6c 9d Kh][Qd]
sabre_laser bets 640
RaBBiJacKs folds
sabre_laser collected 1920 from pot
*** SUMMARY ***
Total pot 1920 | No rake
Board: [6c 9d Kh Qd]
Seat 5: sabre_laser (big blind) won 1920


Winamax Poker - Tournament "KING 5 - Stade 1A" buyIn: Ticket only level: 7 - HandId: #469604366865662021-52-1423598597 - Holdem no limit (20/100/200) - 2015/02/10 20:03:17 UTC
Table: 'KING 5 - Stade 1A(109338287)#068' 9-max (real money) Seat #4 is the button
Seat 1: bandit11 (5001)
Seat 2: LaPovLucette (4336)
Seat 3: Sardine60 (13731)
Seat 4: sosprono (3367)
Seat 5: sabre_laser (2569)
Seat 6: DARWIN-bch (2563)
Seat 7: PimpyLimpy (2156)
Seat 8: RaBBiJacKs (5775)
Seat 9: lkarl (4643)
*** ANTE/BLINDS ***
sabre_laser posts ante 20
DARWIN-bch posts ante 20
bandit11 posts ante 20
LaPovLucette posts ante 20
Sardine60 posts ante 20
sosprono posts ante 20
PimpyLimpy posts ante 20
RaBBiJacKs posts ante 20
lkarl posts ante 20
sabre_laser posts small blind 100
DARWIN-bch posts big blind 200
Dealt to sabre_laser [2s Tc]
*** PRE-FLOP *** 
PimpyLimpy folds
RaBBiJacKs folds
lkarl folds
bandit11 calls 200
LaPovLucette folds
Sardine60 calls 200
sosprono folds
sabre_laser folds
DARWIN-bch raises 2343 to 2543 and is all-in
bandit11 folds
Sardine60 folds
DARWIN-bch collected 3223 from pot
*** SUMMARY ***
Total pot 3223 | No rake
Seat 6: DARWIN-bch (big blind) won 3223


Winamax Poker - Tournament "KING 5 - Stade 1A" buyIn: Ticket only level: 7 - HandId: #469604366865662021-53-1423598660 - Holdem no limit (20/100/200) - 2015/02/10 20:04:20 UTC
Table: 'KING 5 - Stade 1A(109338287)#068' 9-max (real money) Seat #5 is the button
Seat 1: bandit11 (4781)
Seat 2: LaPovLucette (4316)
Seat 3: Sardine60 (13511)
Seat 4: sosprono (3347)
Seat 5: sabre_laser (2449)
Seat 6: DARWIN-bch (3223)
Seat 7: PimpyLimpy (2136)
Seat 8: RaBBiJacKs (5755)
Seat 9: lkarl (4623)
*** ANTE/BLINDS ***
DARWIN-bch posts ante 20
PimpyLimpy posts ante 20
bandit11 posts ante 20
LaPovLucette posts ante 20
Sardine60 posts ante 20
sosprono posts ante 20
sabre_laser posts ante 20
RaBBiJacKs posts ante 20
lkarl posts ante 20
DARWIN-bch posts small blind 100
PimpyLimpy posts big blind 200
Dealt to sabre_laser [6s 8c]
*** PRE-FLOP *** 
RaBBiJacKs folds
lkarl raises 200 to 400
bandit11 folds
LaPovLucette folds
Sardine60 folds
sosprono folds
sabre_laser folds
DARWIN-bch folds
PimpyLimpy folds
lkarl collected 880 from pot
*** SUMMARY ***
Total pot 880 | No rake
Seat 9: lkarl won 880


Winamax Poker - Tournament "KING 5 - Stade 1A" buyIn: Ticket only level: 7 - HandId: #469604366865662021-54-1423598717 - Holdem no limit (20/100/200) - 2015/02/10 20:05:17 UTC
Table: 'KING 5 - Stade 1A(109338287)#068' 9-max (real money) Seat #6 is the button
Seat 1: bandit11 (4761)
Seat 2: LaPovLucette (4296)
Seat 3: Sardine60 (13491)
Seat 4: sosprono (3327)
Seat 5: sabre_laser (2429)
Seat 6: DARWIN-bch (3103)
Seat 7: PimpyLimpy (1916)
Seat 8: RaBBiJacKs (5735)
Seat 9: lkarl (5083)
*** ANTE/BLINDS ***
PimpyLimpy posts ante 20
RaBBiJacKs posts ante 20
bandit11 posts ante 20
LaPovLucette posts ante 20
Sardine60 posts ante 20
sosprono posts ante 20
sabre_laser posts ante 20
DARWIN-bch posts ante 20
lkarl posts ante 20
PimpyLimpy posts small blind 100
RaBBiJacKs posts big blind 200
Dealt to sabre_laser [9d 6d]
*** PRE-FLOP *** 
lkarl folds
bandit11 folds
LaPovLucette folds
Sardine60 folds
sosprono raises 200 to 400
sabre_laser folds
DARWIN-bch folds
PimpyLimpy folds
RaBBiJacKs folds
sosprono collected 880 from pot
*** SUMMARY ***
Total pot 880 | No rake
Seat 4: sosprono won 880


Winamax Poker - Tournament "KING 5 - Stade 1A" buyIn: Ticket only level: 7 - HandId: #469604366865662021-55-1423598756 - Holdem no limit (20/100/200) - 2015/02/10 20:05:56 UTC
Table: 'KING 5 - Stade 1A(109338287)#068' 9-max (real money) Seat #7 is the button
Seat 1: bandit11 (4741)
Seat 2: LaPovLucette (4276)
Seat 3: Sardine60 (13471)
Seat 4: sosprono (3787)
Seat 5: sabre_laser (2409)
Seat 6: DARWIN-bch (3083)
Seat 7: PimpyLimpy (1796)
Seat 8: RaBBiJacKs (5515)
Seat 9: lkarl (5063)
*** ANTE/BLINDS ***
RaBBiJacKs posts ante 20
lkarl posts ante 20
bandit11 posts ante 20
LaPovLucette posts ante 20
Sardine60 posts ante 20
sosprono posts ante 20
sabre_laser posts ante 20
DARWIN-bch posts ante 20
PimpyLimpy posts ante 20
RaBBiJacKs posts small blind 100
lkarl posts big blind 200
Dealt to sabre_laser [4d 3s]
*** PRE-FLOP *** 
bandit11 calls 200
LaPovLucette calls 200
Sardine60 folds
sosprono folds
sabre_laser folds
DARWIN-bch calls 200
PimpyLimpy raises 1576 to 1776 and is all-in
RaBBiJacKs folds
lkarl folds
bandit11 folds
LaPovLucette folds
DARWIN-bch folds
PimpyLimpy collected 2856 from pot
*** SUMMARY ***
Total pot 2856 | No rake
Seat 7: PimpyLimpy (button) won 2856


Winamax Poker - Tournament "KING 5 - Stade 1A" buyIn: Ticket only level: 7 - HandId: #469604366865662021-56-1423598820 - Holdem no limit (20/100/200) - 2015/02/10 20:07:00 UTC
Table: 'KING 5 - Stade 1A(109338287)#068' 9-max (real money) Seat #8 is the button
Seat 1: bandit11 (4521)
Seat 2: LaPovLucette (4056)
Seat 3: Sardine60 (13451)
Seat 4: sosprono (3767)
Seat 5: sabre_laser (2389)
Seat 6: DARWIN-bch (2863)
Seat 7: PimpyLimpy (2856)
Seat 8: RaBBiJacKs (5395)
Seat 9: lkarl (4843)
*** ANTE/BLINDS ***
lkarl posts ante 20
bandit11 posts ante 20
LaPovLucette posts ante 20
Sardine60 posts ante 20
sosprono posts ante 20
sabre_laser posts ante 20
DARWIN-bch posts ante 20
PimpyLimpy posts ante 20
RaBBiJacKs posts ante 20
lkarl posts small blind 100
bandit11 posts big blind 200
Dealt to sabre_laser [5c Kc]
*** PRE-FLOP *** 
LaPovLucette folds
Sardine60 folds
sosprono folds
sabre_laser folds
DARWIN-bch folds
PimpyLimpy folds
RaBBiJacKs folds
lkarl folds
bandit11 collected 480 from pot
*** SUMMARY ***
Total pot 480 | No rake
Seat 1: bandit11 (big blind) won 480


Winamax Poker - Tournament "KING 5 - Stade 1A" buyIn: Ticket only level: 7 - HandId: #469604366865662021-57-1423598838 - Holdem no limit (20/100/200) - 2015/02/10 20:07:18 UTC
Table: 'KING 5 - Stade 1A(109338287)#068' 9-max (real money) Seat #9 is the button
Seat 1: bandit11 (4781)
Seat 2: LaPovLucette (4036)
Seat 3: Sardine60 (13431)
Seat 4: sosprono (3747)
Seat 5: sabre_laser (2369)
Seat 6: DARWIN-bch (2843)
Seat 7: PimpyLimpy (2836)
Seat 8: RaBBiJacKs (5375)
Seat 9: lkarl (4723)
*** ANTE/BLINDS ***
bandit11 posts ante 20
LaPovLucette posts ante 20
Sardine60 posts ante 20
sosprono posts ante 20
sabre_laser posts ante 20
DARWIN-bch posts ante 20
PimpyLimpy posts ante 20
RaBBiJacKs posts ante 20
lkarl posts ante 20
bandit11 posts small blind 100
LaPovLucette posts big blind 200
Dealt to sabre_laser [Th Kd]
*** PRE-FLOP *** 
Sardine60 folds
sosprono folds
sabre_laser folds
DARWIN-bch folds
PimpyLimpy folds
RaBBiJacKs raises 300 to 500
lkarl folds
bandit11 folds
LaPovLucette folds
RaBBiJacKs collected 980 from pot
*** SUMMARY ***
Total pot 980 | No rake
Seat 8: RaBBiJacKs won 980


Winamax Poker - Tournament "KING 5 - Stade 1A" buyIn: Ticket only level: 7 - HandId: #469604366865662021-58-1423598917 - Holdem no limit (20/100/200) - 2015/02/10 20:08:37 UTC
Table: 'KING 5 - Stade 1A(109338287)#068' 9-max (real money) Seat #1 is the button
Seat 1: bandit11 (4661)
Seat 2: LaPovLucette (3816)
Seat 3: Sardine60 (13411)
Seat 4: sosprono (3727)
Seat 5: sabre_laser (2349)
Seat 6: DARWIN-bch (2823)
Seat 7: PimpyLimpy (2816)
Seat 8: RaBBiJacKs (5835)
Seat 9: lkarl (4703)
*** ANTE/BLINDS ***
LaPovLucette posts ante 20
Sardine60 posts ante 20
bandit11 posts ante 20
sosprono posts ante 20
sabre_laser posts ante 20
DARWIN-bch posts ante 20
PimpyLimpy posts ante 20
RaBBiJacKs posts ante 20
lkarl posts ante 20
LaPovLucette posts small blind 100
Sardine60 posts big blind 200
Dealt to sabre_laser [2c Ac]
*** PRE-FLOP *** 
sosprono folds
sabre_laser raises 200 to 400
DARWIN-bch folds
PimpyLimpy folds
RaBBiJacKs folds
lkarl folds
bandit11 folds
LaPovLucette folds
Sardine60 folds
sabre_laser collected 880 from pot
*** SUMMARY ***
Total pot 880 | No rake
Seat 5: sabre_laser won 880


Winamax Poker - Tournament "KING 5 - Stade 1A" buyIn: Ticket only level: 7 - HandId: #469604366865662021-59-1423598951 - Holdem no limit (20/100/200) - 2015/02/10 20:09:11 UTC
Table: 'KING 5 - Stade 1A(109338287)#068' 9-max (real money) Seat #2 is the button
Seat 1: bandit11 (4641)
Seat 2: LaPovLucette (3696)
Seat 3: Sardine60 (13191)
Seat 4: sosprono (3707)
Seat 5: sabre_laser (2809)
Seat 6: DARWIN-bch (2803)
Seat 7: PimpyLimpy (2796)
Seat 8: RaBBiJacKs (5815)
Seat 9: lkarl (4683)
*** ANTE/BLINDS ***
Sardine60 posts ante 20
sosprono posts ante 20
bandit11 posts ante 20
LaPovLucette posts ante 20
sabre_laser posts ante 20
DARWIN-bch posts ante 20
PimpyLimpy posts ante 20
RaBBiJacKs posts ante 20
lkarl posts ante 20
Sardine60 posts small blind 100
sosprono posts big blind 200
Dealt to sabre_laser [6c 3s]
*** PRE-FLOP *** 
sabre_laser folds
DARWIN-bch folds
PimpyLimpy folds
RaBBiJacKs folds
lkarl folds
bandit11 raises 680 to 880
LaPovLucette folds
Sardine60 folds
sosprono folds
bandit11 collected 1360 from pot
*** SUMMARY ***
Total pot 1360 | No rake
Seat 1: bandit11 won 1360


Winamax Poker - Tournament "KING 5 - Stade 1A" buyIn: Ticket only level: 8 - HandId: #469604366865662021-60-1423598979 - Holdem no limit (25/125/250) - 2015/02/10 20:09:39 UTC
Table: 'KING 5 - Stade 1A(109338287)#068' 9-max (real money) Seat #3 is the button
Seat 1: bandit11 (5101)
Seat 2: LaPovLucette (3676)
Seat 3: Sardine60 (13071)
Seat 4: sosprono (3487)
Seat 5: sabre_laser (2789)
Seat 6: DARWIN-bch (2783)
Seat 7: PimpyLimpy (2776)
Seat 8: RaBBiJacKs (5795)
Seat 9: lkarl (4663)
*** ANTE/BLINDS ***
sosprono posts ante 25
sabre_laser posts ante 25
bandit11 posts ante 25
LaPovLucette posts ante 25
Sardine60 posts ante 25
DARWIN-bch posts ante 25
PimpyLimpy posts ante 25
RaBBiJacKs posts ante 25
lkarl posts ante 25
sosprono posts small blind 125
sabre_laser posts big blind 250
Dealt to sabre_laser [2h 8s]
*** PRE-FLOP *** 
DARWIN-bch folds
PimpyLimpy folds
RaBBiJacKs folds
lkarl folds
bandit11 folds
LaPovLucette folds
Sardine60 folds
sosprono calls 125
sabre_laser checks
*** FLOP *** [Td 9s Jd]
sosprono checks
sabre_laser bets 363
sosprono folds
sabre_laser collected 1088 from pot
*** SUMMARY ***
Total pot 1088 | No rake
Board: [Td 9s Jd]
Seat 5: sabre_laser (big blind) won 1088


Winamax Poker - Tournament "KING 5 - Stade 1A" buyIn: Ticket only level: 8 - HandId: #469604366865662021-61-1423599032 - Holdem no limit (25/125/250) - 2015/02/10 20:10:32 UTC
Table: 'KING 5 - Stade 1A(109338287)#068' 9-max (real money) Seat #4 is the button
Seat 1: bandit11 (5076)
Seat 2: LaPovLucette (3651)
Seat 3: Sardine60 (13046)
Seat 4: sosprono (3212)
Seat 5: sabre_laser (3239)
Seat 6: DARWIN-bch (2758)
Seat 7: PimpyLimpy (2751)
Seat 8: RaBBiJacKs (5770)
Seat 9: lkarl (4638)
*** ANTE/BLINDS ***
sabre_laser posts ante 25
DARWIN-bch posts ante 25
bandit11 posts ante 25
LaPovLucette posts ante 25
Sardine60 posts ante 25
sosprono posts ante 25
PimpyLimpy posts ante 25
RaBBiJacKs posts ante 25
lkarl posts ante 25
sabre_laser posts small blind 125
DARWIN-bch posts big blind 250
Dealt to sabre_laser [6d Td]
*** PRE-FLOP *** 
PimpyLimpy folds
RaBBiJacKs folds
lkarl folds
bandit11 folds
LaPovLucette folds
Sardine60 folds
sosprono calls 250
sabre_laser folds
DARWIN-bch checks
*** FLOP *** [Jd 4c 5d]
DARWIN-bch checks
sosprono bets 425
DARWIN-bch folds
sosprono collected 1275 from pot
*** SUMMARY ***
Total pot 1275 | No rake
Board: [Jd 4c 5d]
Seat 4: sosprono (button) won 1275


Winamax Poker - Tournament "KING 5 - Stade 1A" buyIn: Ticket only level: 8 - HandId: #469604366865662021-62-1423599096 - Holdem no limit (25/125/250) - 2015/02/10 20:11:36 UTC
Table: 'KING 5 - Stade 1A(109338287)#068' 9-max (real money) Seat #5 is the button
Seat 1: bandit11 (5051)
Seat 2: LaPovLucette (3626)
Seat 3: Sardine60 (13021)
Seat 4: sosprono (3787)
Seat 5: sabre_laser (3089)
Seat 6: DARWIN-bch (2483)
Seat 7: FRA28POKER (5070)
Seat 8: RaBBiJacKs (5745)
Seat 9: lkarl (4613)
*** ANTE/BLINDS ***
DARWIN-bch posts ante 25
FRA28POKER posts ante 25
bandit11 posts ante 25
LaPovLucette posts ante 25
Sardine60 posts ante 25
sosprono posts ante 25
sabre_laser posts ante 25
RaBBiJacKs posts ante 25
lkarl posts ante 25
DARWIN-bch posts small blind 125
FRA28POKER posts big blind 250
Dealt to sabre_laser [2c 2s]
*** PRE-FLOP *** 
RaBBiJacKs folds
lkarl calls 250
bandit11 calls 250
LaPovLucette folds
Sardine60 folds
sosprono folds
sabre_laser folds
DARWIN-bch raises 2208 to 2458 and is all-in
FRA28POKER folds
lkarl folds
bandit11 calls 2208
*** FLOP *** [5c 3s 8h]
*** TURN *** [5c 3s 8h][Qs]
*** RIVER *** [5c 3s 8h Qs][Kd]
*** SHOW DOWN ***
bandit11 shows [Ah 5h] (One pair : 5)
DARWIN-bch shows [5d 5s] (Trips of 5)
DARWIN-bch collected 5641 from pot
*** SUMMARY ***
Total pot 5641 | No rake
Board: [5c 3s 8h Qs Kd]
Seat 1: bandit11 showed [Ah 5h] and lost with One pair : 5
Seat 6: DARWIN-bch (small blind) showed [5d 5s] and won 5641 with Trips of 5


Winamax Poker - Tournament "KING 5 - Stade 1A" buyIn: Ticket only level: 8 - HandId: #469604366865662021-63-1423599180 - Holdem no limit (25/125/250) - 2015/02/10 20:13:00 UTC
Table: 'KING 5 - Stade 1A(109338287)#068' 9-max (real money) Seat #6 is the button
Seat 1: bandit11 (2568)
Seat 2: LaPovLucette (3601)
Seat 3: Sardine60 (12996)
Seat 4: sosprono (3762)
Seat 5: sabre_laser (3064)
Seat 6: DARWIN-bch (5641)
Seat 7: FRA28POKER (4795)
Seat 8: RaBBiJacKs (5720)
Seat 9: lkarl (4338)
*** ANTE/BLINDS ***
FRA28POKER posts ante 25
RaBBiJacKs posts ante 25
bandit11 posts ante 25
LaPovLucette posts ante 25
Sardine60 posts ante 25
sosprono posts ante 25
sabre_laser posts ante 25
DARWIN-bch posts ante 25
lkarl posts ante 25
FRA28POKER posts small blind 125
RaBBiJacKs posts big blind 250
Dealt to sabre_laser [Jh Qd]
*** PRE-FLOP *** 
lkarl folds
bandit11 folds
LaPovLucette raises 250 to 500
Sardine60 folds
sosprono folds
sabre_laser folds
DARWIN-bch raises 5116 to 5616 and is all-in
FRA28POKER folds
RaBBiJacKs folds
LaPovLucette folds
DARWIN-bch collected 6716 from pot
*** SUMMARY ***
Total pot 6716 | No rake
Seat 6: DARWIN-bch (button) won 6716


Winamax Poker - Tournament "KING 5 - Stade 1A" buyIn: Ticket only level: 8 - HandId: #469604366865662021-64-1423599213 - Holdem no limit (25/125/250) - 2015/02/10 20:13:33 UTC
Table: 'KING 5 - Stade 1A(109338287)#068' 9-max (real money) Seat #7 is the button
Seat 1: Kasabal44 (2825)
Seat 2: LaPovLucette (3076)
Seat 3: Sardine60 (12971)
Seat 4: sosprono (3737)
Seat 5: sabre_laser (3039)
Seat 6: DARWIN-bch (6716)
Seat 7: FRA28POKER (4645)
Seat 8: RaBBiJacKs (5445)
Seat 9: lkarl (4313)
*** ANTE/BLINDS ***
RaBBiJacKs posts ante 25
lkarl posts ante 25
Kasabal44 posts ante 25
LaPovLucette posts ante 25
Sardine60 posts ante 25
sosprono posts ante 25
sabre_laser posts ante 25
DARWIN-bch posts ante 25
FRA28POKER posts ante 25
RaBBiJacKs posts small blind 125
lkarl posts big blind 250
Dealt to sabre_laser [As 3h]
*** PRE-FLOP *** 
Kasabal44 folds
LaPovLucette folds
Sardine60 folds
sosprono folds
sabre_laser folds
DARWIN-bch folds
FRA28POKER folds
RaBBiJacKs raises 375 to 625
lkarl folds
RaBBiJacKs collected 1100 from pot
*** SUMMARY ***
Total pot 1100 | No rake
Seat 8: RaBBiJacKs (small blind) won 1100


Winamax Poker - Tournament "KING 5 - Stade 1A" buyIn: Ticket only level: 8 - HandId: #469604366865662021-65-1423599239 - Holdem no limit (25/125/250) - 2015/02/10 20:13:59 UTC
Table: 'KING 5 - Stade 1A(109338287)#068' 9-max (real money) Seat #8 is the button
Seat 1: Kasabal44 (2800)
Seat 2: LaPovLucette (3051)
Seat 3: Sardine60 (12946)
Seat 4: sosprono (3712)
Seat 5: sabre_laser (3014)
Seat 6: DARWIN-bch (6691)
Seat 7: FRA28POKER (4620)
Seat 8: RaBBiJacKs (5895)
Seat 9: lkarl (4038)
*** ANTE/BLINDS ***
lkarl posts ante 25
Kasabal44 posts ante 25
LaPovLucette posts ante 25
Sardine60 posts ante 25
sosprono posts ante 25
sabre_laser posts ante 25
DARWIN-bch posts ante 25
FRA28POKER posts ante 25
RaBBiJacKs posts ante 25
lkarl posts small blind 125
Kasabal44 posts big blind 250
Dealt to sabre_laser [Jc 7h]
*** PRE-FLOP *** 
LaPovLucette calls 250
Sardine60 folds
sosprono folds
sabre_laser folds
DARWIN-bch folds
FRA28POKER folds
RaBBiJacKs folds
lkarl calls 125
Kasabal44 checks
*** FLOP *** [9c 7s Ts]
lkarl checks
Kasabal44 checks
LaPovLucette bets 975
lkarl folds
Kasabal44 folds
LaPovLucette collected 1950 from pot
*** SUMMARY ***
Total pot 1950 | No rake
Board: [9c 7s Ts]
Seat 2: LaPovLucette won 1950


Winamax Poker - Tournament "KING 5 - Stade 1A" buyIn: Ticket only level: 8 - HandId: #469604366865662021-66-1423599284 - Holdem no limit (25/125/250) - 2015/02/10 20:14:44 UTC
Table: 'KING 5 - Stade 1A(109338287)#068' 9-max (real money) Seat #9 is the button
Seat 1: Kasabal44 (2525)
Seat 2: LaPovLucette (3751)
Seat 3: Sardine60 (12921)
Seat 4: sosprono (3687)
Seat 5: sabre_laser (2989)
Seat 6: DARWIN-bch (6666)
Seat 7: FRA28POKER (4595)
Seat 8: RaBBiJacKs (5870)
Seat 9: lkarl (3763)
*** ANTE/BLINDS ***
Kasabal44 posts ante 25
LaPovLucette posts ante 25
Sardine60 posts ante 25
sosprono posts ante 25
sabre_laser posts ante 25
DARWIN-bch posts ante 25
FRA28POKER posts ante 25
RaBBiJacKs posts ante 25
lkarl posts ante 25
Kasabal44 posts small blind 125
LaPovLucette posts big blind 250
Dealt to sabre_laser [2h 6h]
*** PRE-FLOP *** 
Sardine60 folds
sosprono folds
sabre_laser folds
DARWIN-bch folds
FRA28POKER folds
RaBBiJacKs calls 250
lkarl folds
Kasabal44 calls 125
LaPovLucette checks
*** FLOP *** [3s Qs 5h]
Kasabal44 checks
LaPovLucette bets 600
RaBBiJacKs folds
Kasabal44 raises 1650 to 2250 and is all-in
LaPovLucette calls 1650
*** TURN *** [3s Qs 5h][8s]
*** RIVER *** [3s Qs 5h 8s][6d]
*** SHOW DOWN ***
LaPovLucette shows [Ts Qd] (One pair : Queens)
Kasabal44 shows [3d Qh] (Two pairs : Queens and 3)
Kasabal44 collected 5475 from pot
*** SUMMARY ***
Total pot 5475 | No rake
Board: [3s Qs 5h 8s 6d]
Seat 1: Kasabal44 (small blind) showed [3d Qh] and won 5475 with Two pairs : Queens and 3
Seat 2: LaPovLucette (big blind) showed [Ts Qd] and lost with One pair : Queens


Winamax Poker - Tournament "KING 5 - Stade 1A" buyIn: Ticket only level: 8 - HandId: #469604366865662021-67-1423599361 - Holdem no limit (25/125/250) - 2015/02/10 20:16:01 UTC
Table: 'KING 5 - Stade 1A(109338287)#068' 9-max (real money) Seat #1 is the button
Seat 1: Kasabal44 (5475)
Seat 2: LaPovLucette (1226)
Seat 3: Sardine60 (12896)
Seat 4: sosprono (3662)
Seat 5: sabre_laser (2964)
Seat 6: DARWIN-bch (6641)
Seat 7: FRA28POKER (4570)
Seat 8: RaBBiJacKs (5595)
Seat 9: lkarl (3738)
*** ANTE/BLINDS ***
LaPovLucette posts ante 25
Sardine60 posts ante 25
Kasabal44 posts ante 25
sosprono posts ante 25
sabre_laser posts ante 25
DARWIN-bch posts ante 25
FRA28POKER posts ante 25
RaBBiJacKs posts ante 25
lkarl posts ante 25
LaPovLucette posts small blind 125
Sardine60 posts big blind 250
Dealt to sabre_laser [5c Td]
*** PRE-FLOP *** 
sosprono folds
sabre_laser folds
DARWIN-bch folds
FRA28POKER folds
RaBBiJacKs folds
lkarl folds
Kasabal44 folds
LaPovLucette folds
Sardine60 collected 600 from pot
*** SUMMARY ***
Total pot 600 | No rake
Seat 3: Sardine60 (big blind) won 600


Winamax Poker - Tournament "KING 5 - Stade 1A" buyIn: Ticket only level: 8 - HandId: #469604366865662021-68-1423599391 - Holdem no limit (25/125/250) - 2015/02/10 20:16:31 UTC
Table: 'KING 5 - Stade 1A(109338287)#068' 9-max (real money) Seat #2 is the button
Seat 1: Kasabal44 (5450)
Seat 2: LaPovLucette (1076)
Seat 3: Sardine60 (13221)
Seat 4: sosprono (3637)
Seat 5: sabre_laser (2939)
Seat 6: DARWIN-bch (6616)
Seat 7: FRA28POKER (4545)
Seat 8: RaBBiJacKs (5570)
Seat 9: lkarl (3713)
*** ANTE/BLINDS ***
Sardine60 posts ante 25
sosprono posts ante 25
Kasabal44 posts ante 25
LaPovLucette posts ante 25
sabre_laser posts ante 25
DARWIN-bch posts ante 25
FRA28POKER posts ante 25
RaBBiJacKs posts ante 25
lkarl posts ante 25
Sardine60 posts small blind 125
sosprono posts big blind 250
Dealt to sabre_laser [9s Jd]
*** PRE-FLOP *** 
sabre_laser folds
DARWIN-bch folds
FRA28POKER folds
RaBBiJacKs folds
lkarl folds
Kasabal44 raises 375 to 625
LaPovLucette folds
Sardine60 folds
sosprono folds
Kasabal44 collected 1225 from pot
*** SUMMARY ***
Total pot 1225 | No rake
Seat 1: Kasabal44 won 1225


Winamax Poker - Tournament "KING 5 - Stade 1A" buyIn: Ticket only level: 8 - HandId: #469604366865662021-69-1423599420 - Holdem no limit (25/125/250) - 2015/02/10 20:17:00 UTC
Table: 'KING 5 - Stade 1A(109338287)#068' 9-max (real money) Seat #3 is the button
Seat 1: Kasabal44 (6025)
Seat 2: LaPovLucette (1051)
Seat 3: Sardine60 (13071)
Seat 4: sosprono (3362)
Seat 5: sabre_laser (2914)
Seat 6: DARWIN-bch (6591)
Seat 7: FRA28POKER (4520)
Seat 8: RaBBiJacKs (5545)
Seat 9: lkarl (3688)
*** ANTE/BLINDS ***
sosprono posts ante 25
sabre_laser posts ante 25
Kasabal44 posts ante 25
LaPovLucette posts ante 25
Sardine60 posts ante 25
DARWIN-bch posts ante 25
FRA28POKER posts ante 25
RaBBiJacKs posts ante 25
lkarl posts ante 25
sosprono posts small blind 125
sabre_laser posts big blind 250
Dealt to sabre_laser [Jh Jd]
*** PRE-FLOP *** 
DARWIN-bch raises 375 to 625
FRA28POKER folds
RaBBiJacKs calls 625
lkarl folds
Kasabal44 folds
LaPovLucette folds
Sardine60 folds
sosprono folds
sabre_laser calls 375
*** FLOP *** [7d 8c 4c]
sabre_laser bets 1113
DARWIN-bch folds
RaBBiJacKs raises 3782 to 4895 and is all-in
sabre_laser calls 1151 and is all-in
*** TURN *** [7d 8c 4c][3s]
*** RIVER *** [7d 8c 4c 3s][9s]
*** SHOW DOWN ***
sabre_laser shows [Jh Jd] (One pair : Jacks)
RaBBiJacKs shows [7h 7s] (Trips of 7)
RaBBiJacKs collected 9384 from pot
*** SUMMARY ***
Total pot 9384 | No rake
Board: [7d 8c 4c 3s 9s]
Seat 5: sabre_laser (big blind) showed [Jh Jd] and lost with One pair : Jacks
Seat 8: RaBBiJacKs showed [7h 7s] and won 9384 with Trips of 7


