Winamax Poker - Tournament "Qualif. Ticket 3€" buyIn: 0,45€ + 0,05€ level: 4 - HandId: #476033151223726083-13-1425923360 - Holdem no limit (40/80) - 2015/03/09 17:49:20 UTC
Table: 'Qualif. Ticket 3€(110835105)#002' 9-max (real money) Seat #2 is the button
Seat 1: Chtoffy (4420)
Seat 2: rastaps (3830)
Seat 3: dartagnan001 (7416)
Seat 4: jba 18 (3040)
Seat 5: sabre_laser (3000)
Seat 6: Gelus30 (3000)
Seat 7: Grumstrup (2480)
Seat 8: .prajna. (470)
Seat 9: cucu20 (7604)
*** ANTE/BLINDS ***
dartagnan001 posts small blind 40
jba 18 posts big blind 80
Dealt to sabre_laser [Td Qs]
*** PRE-FLOP *** 
sabre_laser folds
Gelus30 folds
Grumstrup folds
.prajna. folds
cucu20 calls 80
Chtoffy folds
rastaps folds
dartagnan001 folds
jba 18 checks
*** FLOP *** [6s 8s 4c]
jba 18 bets 80
cucu20 calls 80
*** TURN *** [6s 8s 4c][7h]
jba 18 bets 80
cucu20 raises 80 to 160
jba 18 calls 80
*** RIVER *** [6s 8s 4c 7h][Ac]
jba 18 checks
cucu20 bets 1663
jba 18 folds
cucu20 collected 2343 from pot
*** SUMMARY ***
Total pot 2343 | No rake
Board: [6s 8s 4c 7h Ac]
Seat 9: cucu20 won 2343


Winamax Poker - Tournament "Qualif. Ticket 3€" buyIn: 0,45€ + 0,05€ level: 5 - HandId: #476033151223726084-2-1425923478 - Holdem no limit (60/120) - 2015/03/09 17:51:18 UTC
Table: 'Qualif. Ticket 3€(110835105)#003' 9-max (real money) Seat #8 is the button
Seat 1: Chatoune83 (3000)
Seat 2: DIABOLO 28 (3120)
Seat 3: sabre_laser (3000)
Seat 5: pas de bug (3000)
Seat 8: hoyasam_84 (2880)
*** ANTE/BLINDS ***
DIABOLO 28 posts small blind 60
sabre_laser posts big blind 120
Dealt to sabre_laser [8c Tc]
*** PRE-FLOP *** 
pas de bug calls 120
hoyasam_84 folds
DIABOLO 28 folds
sabre_laser checks
*** FLOP *** [2d 6h 8h]
sabre_laser checks
pas de bug checks
*** TURN *** [2d 6h 8h][Th]
sabre_laser bets 120
pas de bug calls 120
*** RIVER *** [2d 6h 8h Th][4h]
sabre_laser checks
pas de bug bets 540
sabre_laser folds
pas de bug collected 1080 from pot
*** SUMMARY ***
Total pot 1080 | No rake
Board: [2d 6h 8h Th 4h]
Seat 5: pas de bug won 1080


Winamax Poker - Tournament "Qualif. Ticket 3€" buyIn: 0,45€ + 0,05€ level: 5 - HandId: #476033151223726084-3-1425923530 - Holdem no limit (60/120) - 2015/03/09 17:52:10 UTC
Table: 'Qualif. Ticket 3€(110835105)#003' 9-max (real money) Seat #2 is the button
Seat 1: Chatoune83 (3000)
Seat 2: DIABOLO 28 (3060)
Seat 3: sabre_laser (2760)
Seat 4: python1376 (3000)
Seat 5: pas de bug (3300)
Seat 8: hoyasam_84 (2880)
Seat 9: jba 18 (2660)
*** ANTE/BLINDS ***
sabre_laser posts small blind 60
python1376 posts big blind 120
Dealt to sabre_laser [6h 9d]
*** PRE-FLOP *** 
pas de bug folds
hoyasam_84 folds
jba 18 raises 120 to 240
Chatoune83 folds
DIABOLO 28 folds
sabre_laser folds
python1376 calls 120
*** FLOP *** [9s 3d 4s]
python1376 checks
jba 18 bets 120
python1376 calls 120
*** TURN *** [9s 3d 4s][Ah]
python1376 checks
jba 18 bets 120
python1376 calls 120
*** RIVER *** [9s 3d 4s Ah][Qd]
python1376 bets 556
jba 18 folds
python1376 collected 1576 from pot
*** SUMMARY ***
Total pot 1576 | No rake
Board: [9s 3d 4s Ah Qd]
Seat 4: python1376 (big blind) won 1576


Winamax Poker - Tournament "Qualif. Ticket 3€" buyIn: 0,45€ + 0,05€ level: 5 - HandId: #476033151223726084-4-1425923655 - Holdem no limit (60/120) - 2015/03/09 17:54:15 UTC
Table: 'Qualif. Ticket 3€(110835105)#003' 9-max (real money) Seat #3 is the button
Seat 1: Chatoune83 (3000)
Seat 2: DIABOLO 28 (3060)
Seat 3: sabre_laser (2700)
Seat 4: python1376 (3540)
Seat 5: pas de bug (3300)
Seat 6: Montela2sus (3000)
Seat 8: hoyasam_84 (2880)
Seat 9: jba 18 (2180)
*** ANTE/BLINDS ***
python1376 posts small blind 60
pas de bug posts big blind 120
Dealt to sabre_laser [6s Kd]
*** PRE-FLOP *** 
Montela2sus folds
hoyasam_84 raises 120 to 240
jba 18 folds
Chatoune83 folds
DIABOLO 28 calls 240
sabre_laser folds
python1376 folds
pas de bug raises 960 to 1200
hoyasam_84 folds
DIABOLO 28 folds
pas de bug collected 1740 from pot
*** SUMMARY ***
Total pot 1740 | No rake
Seat 5: pas de bug (big blind) won 1740


Winamax Poker - Tournament "Qualif. Ticket 3€" buyIn: 0,45€ + 0,05€ level: 5 - HandId: #476033151223726084-5-1425924002 - Holdem no limit (60/120) - 2015/03/09 18:00:02 UTC
Table: 'Qualif. Ticket 3€(110835105)#003' 9-max (real money) Seat #4 is the button
Seat 1: Chatoune83 (3000)
Seat 2: DIABOLO 28 (2820)
Seat 3: sabre_laser (2700)
Seat 4: python1376 (3480)
Seat 5: pas de bug (3840)
Seat 6: Montela2sus (3000)
Seat 7: mick36 (3000)
Seat 8: hoyasam_84 (2640)
Seat 9: jba 18 (2180)
*** ANTE/BLINDS ***
pas de bug posts small blind 60
Montela2sus posts big blind 120
Dealt to sabre_laser [2c 5h]
*** PRE-FLOP *** 
mick36 calls 120
hoyasam_84 calls 120
jba 18 folds
Chatoune83 folds
DIABOLO 28 calls 120
sabre_laser folds
python1376 folds
pas de bug folds
Montela2sus checks
*** FLOP *** [As Qs 6c]
Montela2sus folds
mick36 checks
hoyasam_84 bets 300
DIABOLO 28 calls 300
mick36 folds
*** TURN *** [As Qs 6c][Tc]
hoyasam_84 bets 420
DIABOLO 28 folds
hoyasam_84 collected 1560 from pot
*** SUMMARY ***
Total pot 1560 | No rake
Board: [As Qs 6c Tc]
Seat 8: hoyasam_84 won 1560


Winamax Poker - Tournament "Qualif. Ticket 3€" buyIn: 0,45€ + 0,05€ level: 6 - HandId: #476033151223726084-6-1425924166 - Holdem no limit (10/60/120) - 2015/03/09 18:02:46 UTC
Table: 'Qualif. Ticket 3€(110835105)#003' 9-max (real money) Seat #5 is the button
Seat 1: Chatoune83 (3000)
Seat 2: DIABOLO 28 (2400)
Seat 3: sabre_laser (2700)
Seat 4: python1376 (3480)
Seat 5: pas de bug (3780)
Seat 6: Montela2sus (2880)
Seat 8: hoyasam_84 (3360)
Seat 9: jba 18 (2180)
*** ANTE/BLINDS ***
Montela2sus posts ante 10
hoyasam_84 posts ante 10
Chatoune83 posts ante 10
DIABOLO 28 posts ante 10
sabre_laser posts ante 10
python1376 posts ante 10
pas de bug posts ante 10
jba 18 posts ante 10
Montela2sus posts small blind 60
hoyasam_84 posts big blind 120
Dealt to sabre_laser [9d 2s]
*** PRE-FLOP *** 
jba 18 raises 120 to 240
Chatoune83 folds
DIABOLO 28 raises 300 to 540
sabre_laser folds
python1376 folds
pas de bug folds
Montela2sus raises 2330 to 2870 and is all-in
hoyasam_84 folds
jba 18 folds
DIABOLO 28 calls 1850 and is all-in
*** FLOP *** [3h 6c 8c]
*** TURN *** [3h 6c 8c][2h]
*** RIVER *** [3h 6c 8c 2h][Ac]
*** SHOW DOWN ***
DIABOLO 28 shows [Tc 9h] (High card : Ace)
Montela2sus shows [Qc Qh] (One pair : Queens)
Montela2sus collected 5700 from pot
*** SUMMARY ***
Total pot 5700 | No rake
Board: [3h 6c 8c 2h Ac]
Seat 2: DIABOLO 28 showed [Tc 9h] and lost with High card : Ace
Seat 6: Montela2sus (small blind) showed [Qc Qh] and won 5700 with One pair : Queens


Winamax Poker - Tournament "Qualif. Ticket 3€" buyIn: 0,45€ + 0,05€ level: 6 - HandId: #476033151223726084-7-1425924244 - Holdem no limit (10/60/120) - 2015/03/09 18:04:04 UTC
Table: 'Qualif. Ticket 3€(110835105)#003' 9-max (real money) Seat #6 is the button
Seat 1: Chatoune83 (2990)
Seat 3: sabre_laser (2690)
Seat 4: python1376 (3470)
Seat 5: pas de bug (3770)
Seat 6: Montela2sus (5700)
Seat 8: hoyasam_84 (3230)
Seat 9: jba 18 (1930)
*** ANTE/BLINDS ***
hoyasam_84 posts ante 10
jba 18 posts ante 10
Chatoune83 posts ante 10
sabre_laser posts ante 10
python1376 posts ante 10
pas de bug posts ante 10
Montela2sus posts ante 10
hoyasam_84 posts small blind 60
jba 18 posts big blind 120
Dealt to sabre_laser [2h 3s]
*** PRE-FLOP *** 
Chatoune83 folds
sabre_laser folds
python1376 folds
pas de bug calls 120
Montela2sus folds
hoyasam_84 folds
jba 18 checks
*** FLOP *** [4d Jh 8c]
jba 18 bets 120
pas de bug calls 120
*** TURN *** [4d Jh 8c][5s]
jba 18 bets 120
pas de bug calls 120
*** RIVER *** [4d Jh 8c 5s][6c]
jba 18 bets 850
pas de bug raises 2550 to 3400 and is all-in
jba 18 calls 710 and is all-in
*** SHOW DOWN ***
jba 18 shows [4s Tc] (One pair : 4)
pas de bug shows [8h 7h] (Straight 8 high)
pas de bug collected 5810 from pot
*** SUMMARY ***
Total pot 5810 | No rake
Board: [4d Jh 8c 5s 6c]
Seat 5: pas de bug showed [8h 7h] and won 5810 with Straight 8 high
Seat 9: jba 18 (big blind) showed [4s Tc] and lost with One pair : 4


Winamax Poker - Tournament "Qualif. Ticket 3€" buyIn: 0,45€ + 0,05€ level: 6 - HandId: #476033151223726084-8-1425924315 - Holdem no limit (10/60/120) - 2015/03/09 18:05:15 UTC
Table: 'Qualif. Ticket 3€(110835105)#003' 9-max (real money) Seat #8 is the button
Seat 1: Chatoune83 (2980)
Seat 2: twas593 (3000)
Seat 3: sabre_laser (2680)
Seat 4: python1376 (3460)
Seat 5: pas de bug (5810)
Seat 6: Montela2sus (5690)
Seat 8: hoyasam_84 (3160)
*** ANTE/BLINDS ***
Chatoune83 posts ante 10
twas593 posts ante 10
sabre_laser posts ante 10
python1376 posts ante 10
pas de bug posts ante 10
Montela2sus posts ante 10
hoyasam_84 posts ante 10
Chatoune83 posts big blind 120
Dealt to sabre_laser [8h Js]
*** PRE-FLOP *** 
twas593 folds
sabre_laser folds
python1376 folds
pas de bug folds
Montela2sus folds
hoyasam_84 raises 120 to 240
Chatoune83 calls 120
*** FLOP *** [Qc 9s 8s]
Chatoune83 checks
hoyasam_84 checks
*** TURN *** [Qc 9s 8s][4h]
Chatoune83 checks
hoyasam_84 checks
*** RIVER *** [Qc 9s 8s 4h][3d]
Chatoune83 checks
hoyasam_84 checks
*** SHOW DOWN ***
Chatoune83 shows [Jh 2d] (High card : Queen)
hoyasam_84 shows [Ks Ad] (High card : Ace)
hoyasam_84 collected 550 from pot
*** SUMMARY ***
Total pot 550 | No rake
Board: [Qc 9s 8s 4h 3d]
Seat 1: Chatoune83 (big blind) showed [Jh 2d] and lost with High card : Queen
Seat 8: hoyasam_84 (button) showed [Ks Ad] and won 550 with High card : Ace


Winamax Poker - Tournament "Qualif. Ticket 3€" buyIn: 0,45€ + 0,05€ level: 6 - HandId: #476033151223726084-9-1425924360 - Holdem no limit (10/60/120) - 2015/03/09 18:06:00 UTC
Table: 'Qualif. Ticket 3€(110835105)#003' 9-max (real money) Seat #9 is the button
Seat 1: Chatoune83 (2730)
Seat 2: twas593 (2990)
Seat 3: sabre_laser (2670)
Seat 4: python1376 (3450)
Seat 5: pas de bug (5800)
Seat 6: Montela2sus (5680)
Seat 7: bois2rose (6860)
Seat 8: hoyasam_84 (3460)
Seat 9: alci33 (1780)
*** ANTE/BLINDS ***
Chatoune83 posts ante 10
twas593 posts ante 10
sabre_laser posts ante 10
python1376 posts ante 10
pas de bug posts ante 10
Montela2sus posts ante 10
bois2rose posts ante 10
hoyasam_84 posts ante 10
Chatoune83 posts small blind 60
twas593 posts big blind 120
Dealt to sabre_laser [5c Ad]
*** PRE-FLOP *** 
sabre_laser folds
python1376 folds
pas de bug folds
Montela2sus folds
bois2rose folds
hoyasam_84 folds
Chatoune83 calls 60
twas593 raises 120 to 240
Chatoune83 calls 120
*** FLOP *** [8c 4h 9s]
Chatoune83 checks
twas593 bets 120
Chatoune83 folds
twas593 collected 680 from pot
*** SUMMARY ***
Total pot 680 | No rake
Board: [8c 4h 9s]
Seat 2: twas593 (big blind) won 680


Winamax Poker - Tournament "Qualif. Ticket 3€" buyIn: 0,45€ + 0,05€ level: 6 - HandId: #476033151223726084-10-1425924388 - Holdem no limit (10/60/120) - 2015/03/09 18:06:28 UTC
Table: 'Qualif. Ticket 3€(110835105)#003' 9-max (real money) Seat #1 is the button
Seat 1: Chatoune83 (2480)
Seat 2: twas593 (3300)
Seat 3: sabre_laser (2660)
Seat 4: python1376 (3440)
Seat 5: pas de bug (5790)
Seat 6: Montela2sus (5670)
Seat 7: bois2rose (6850)
Seat 8: hoyasam_84 (3450)
Seat 9: alci33 (1780)
*** ANTE/BLINDS ***
twas593 posts ante 10
sabre_laser posts ante 10
Chatoune83 posts ante 10
python1376 posts ante 10
pas de bug posts ante 10
Montela2sus posts ante 10
bois2rose posts ante 10
hoyasam_84 posts ante 10
alci33 posts ante 10
twas593 posts small blind 60
sabre_laser posts big blind 120
Dealt to sabre_laser [3d Th]
*** PRE-FLOP *** 
python1376 calls 120
pas de bug folds
Montela2sus folds
bois2rose folds
hoyasam_84 folds
alci33 calls 120
Chatoune83 folds
twas593 calls 60
sabre_laser checks
*** FLOP *** [8c 3h 5c]
twas593 bets 120
sabre_laser calls 120
python1376 calls 120
alci33 calls 120
*** TURN *** [8c 3h 5c][Qh]
twas593 checks
sabre_laser checks
python1376 checks
alci33 bets 420
twas593 folds
sabre_laser folds
python1376 folds
alci33 collected 1470 from pot
*** SUMMARY ***
Total pot 1470 | No rake
Board: [8c 3h 5c Qh]
Seat 9: alci33 won 1470


Winamax Poker - Tournament "Qualif. Ticket 3€" buyIn: 0,45€ + 0,05€ level: 7 - HandId: #476033151223726084-11-1425924466 - Holdem no limit (15/75/150) - 2015/03/09 18:07:46 UTC
Table: 'Qualif. Ticket 3€(110835105)#003' 9-max (real money) Seat #2 is the button
Seat 1: Chatoune83 (2470)
Seat 3: sabre_laser (2410)
Seat 4: python1376 (3190)
Seat 5: pas de bug (5780)
Seat 7: bois2rose (6840)
Seat 8: hoyasam_84 (3440)
Seat 9: alci33 (2580)
*** ANTE/BLINDS ***
sabre_laser posts ante 15
python1376 posts ante 15
Chatoune83 posts ante 15
pas de bug posts ante 15
bois2rose posts ante 15
hoyasam_84 posts ante 15
alci33 posts ante 15
sabre_laser posts small blind 75
python1376 posts big blind 150
Dealt to sabre_laser [Jh 7c]
*** PRE-FLOP *** 
pas de bug raises 480 to 630
bois2rose folds
hoyasam_84 folds
alci33 folds
Chatoune83 folds
sabre_laser folds
python1376 folds
pas de bug collected 960 from pot
*** SUMMARY ***
Total pot 960 | No rake
Seat 5: pas de bug won 960


Winamax Poker - Tournament "Qualif. Ticket 3€" buyIn: 0,45€ + 0,05€ level: 7 - HandId: #476033151223726084-12-1425924495 - Holdem no limit (15/75/150) - 2015/03/09 18:08:15 UTC
Table: 'Qualif. Ticket 3€(110835105)#003' 9-max (real money) Seat #3 is the button
Seat 1: Chatoune83 (2455)
Seat 2: angyma23 (7700)
Seat 3: sabre_laser (2320)
Seat 4: python1376 (3025)
Seat 5: pas de bug (6095)
Seat 6: pairsonne (3105)
Seat 7: bois2rose (6825)
Seat 8: hoyasam_84 (3425)
Seat 9: alci33 (2565)
*** ANTE/BLINDS ***
python1376 posts ante 15
pas de bug posts ante 15
Chatoune83 posts ante 15
angyma23 posts ante 15
sabre_laser posts ante 15
pairsonne posts ante 15
bois2rose posts ante 15
hoyasam_84 posts ante 15
alci33 posts ante 15
python1376 posts small blind 75
pas de bug posts big blind 150
Dealt to sabre_laser [8c Kd]
*** PRE-FLOP *** 
pairsonne folds
bois2rose folds
hoyasam_84 folds
alci33 raises 300 to 450
Chatoune83 raises 1990 to 2440 and is all-in
angyma23 folds
sabre_laser folds
python1376 folds
pas de bug folds
alci33 calls 1990
*** FLOP *** [4h 7c Js]
*** TURN *** [4h 7c Js][Td]
*** RIVER *** [4h 7c Js Td][8d]
*** SHOW DOWN ***
Chatoune83 shows [Kc Ad] (High card : Ace)
alci33 shows [7d Ah] (One pair : 7)
alci33 collected 5240 from pot
*** SUMMARY ***
Total pot 5240 | No rake
Board: [4h 7c Js Td 8d]
Seat 1: Chatoune83 showed [Kc Ad] and lost with High card : Ace
Seat 9: alci33 showed [7d Ah] and won 5240 with One pair : 7


Winamax Poker - Tournament "Qualif. Ticket 3€" buyIn: 0,45€ + 0,05€ level: 7 - HandId: #476033151223726084-13-1425924533 - Holdem no limit (15/75/150) - 2015/03/09 18:08:53 UTC
Table: 'Qualif. Ticket 3€(110835105)#003' 9-max (real money) Seat #4 is the button
Seat 2: angyma23 (7685)
Seat 3: sabre_laser (2305)
Seat 4: python1376 (2935)
Seat 5: pas de bug (5930)
Seat 6: pairsonne (3090)
Seat 7: bois2rose (6810)
Seat 8: hoyasam_84 (3410)
Seat 9: alci33 (5350)
*** ANTE/BLINDS ***
pas de bug posts ante 15
pairsonne posts ante 15
angyma23 posts ante 15
sabre_laser posts ante 15
python1376 posts ante 15
bois2rose posts ante 15
hoyasam_84 posts ante 15
alci33 posts ante 15
pas de bug posts small blind 75
pairsonne posts big blind 150
Dealt to sabre_laser [Ah 7s]
*** PRE-FLOP *** 
bois2rose folds
hoyasam_84 folds
alci33 raises 450 to 600
angyma23 folds
sabre_laser folds
python1376 folds
pas de bug folds
pairsonne raises 2475 to 3075 and is all-in
alci33 calls 2475
*** FLOP *** [3h Jd 3s]
*** TURN *** [3h Jd 3s][Tc]
*** RIVER *** [3h Jd 3s Tc][7c]
*** SHOW DOWN ***
alci33 shows [8s As] (One pair : 3)
pairsonne shows [Th Td] (Full of Tens and 3)
pairsonne collected 6345 from pot
*** SUMMARY ***
Total pot 6345 | No rake
Board: [3h Jd 3s Tc 7c]
Seat 6: pairsonne (big blind) showed [Th Td] and won 6345 with Full of Tens and 3
Seat 9: alci33 showed [8s As] and lost with One pair : 3


Winamax Poker - Tournament "Qualif. Ticket 3€" buyIn: 0,45€ + 0,05€ level: 7 - HandId: #476033151223726084-14-1425924572 - Holdem no limit (15/75/150) - 2015/03/09 18:09:32 UTC
Table: 'Qualif. Ticket 3€(110835105)#003' 9-max (real money) Seat #5 is the button
Seat 2: angyma23 (7670)
Seat 3: sabre_laser (2290)
Seat 4: python1376 (2920)
Seat 5: pas de bug (5840)
Seat 6: pairsonne (6345)
Seat 7: bois2rose (6795)
Seat 8: hoyasam_84 (3395)
Seat 9: alci33 (2260)
*** ANTE/BLINDS ***
pairsonne posts ante 15
bois2rose posts ante 15
angyma23 posts ante 15
sabre_laser posts ante 15
python1376 posts ante 15
pas de bug posts ante 15
hoyasam_84 posts ante 15
alci33 posts ante 15
pairsonne posts small blind 75
bois2rose posts big blind 150
Dealt to sabre_laser [2s Jc]
*** PRE-FLOP *** 
hoyasam_84 folds
alci33 folds
angyma23 folds
sabre_laser folds
python1376 folds
pas de bug folds
pairsonne folds
bois2rose collected 345 from pot
*** SUMMARY ***
Total pot 345 | No rake
Seat 7: bois2rose (big blind) won 345


Winamax Poker - Tournament "Qualif. Ticket 3€" buyIn: 0,45€ + 0,05€ level: 7 - HandId: #476033151223726084-15-1425924586 - Holdem no limit (15/75/150) - 2015/03/09 18:09:46 UTC
Table: 'Qualif. Ticket 3€(110835105)#003' 9-max (real money) Seat #6 is the button
Seat 2: angyma23 (7655)
Seat 3: sabre_laser (2275)
Seat 4: python1376 (2905)
Seat 5: pas de bug (5825)
Seat 6: pairsonne (6255)
Seat 7: bois2rose (6975)
Seat 8: hoyasam_84 (3380)
Seat 9: alci33 (2245)
*** ANTE/BLINDS ***
bois2rose posts ante 15
hoyasam_84 posts ante 15
angyma23 posts ante 15
sabre_laser posts ante 15
python1376 posts ante 15
pas de bug posts ante 15
pairsonne posts ante 15
alci33 posts ante 15
bois2rose posts small blind 75
hoyasam_84 posts big blind 150
Dealt to sabre_laser [7d Ad]
*** PRE-FLOP *** 
alci33 folds
angyma23 folds
sabre_laser raises 150 to 300
python1376 folds
pas de bug folds
pairsonne calls 300
bois2rose folds
hoyasam_84 folds
*** FLOP *** [5s 6c Kh]
sabre_laser bets 473
pairsonne folds
sabre_laser collected 1418 from pot
*** SUMMARY ***
Total pot 1418 | No rake
Board: [5s 6c Kh]
Seat 3: sabre_laser won 1418


Winamax Poker - Tournament "Qualif. Ticket 3€" buyIn: 0,45€ + 0,05€ level: 7 - HandId: #476033151223726084-16-1425924615 - Holdem no limit (15/75/150) - 2015/03/09 18:10:15 UTC
Table: 'Qualif. Ticket 3€(110835105)#003' 9-max (real money) Seat #7 is the button
Seat 2: angyma23 (7640)
Seat 3: sabre_laser (2905)
Seat 4: python1376 (2890)
Seat 5: pas de bug (5810)
Seat 6: pairsonne (5940)
Seat 7: bois2rose (6885)
Seat 8: hoyasam_84 (3215)
Seat 9: alci33 (2230)
*** ANTE/BLINDS ***
hoyasam_84 posts ante 15
alci33 posts ante 15
angyma23 posts ante 15
sabre_laser posts ante 15
python1376 posts ante 15
pas de bug posts ante 15
pairsonne posts ante 15
bois2rose posts ante 15
hoyasam_84 posts small blind 75
alci33 posts big blind 150
Dealt to sabre_laser [2h As]
*** PRE-FLOP *** 
angyma23 folds
sabre_laser folds
python1376 folds
pas de bug raises 300 to 450
pairsonne folds
bois2rose folds
hoyasam_84 folds
alci33 calls 300
*** FLOP *** [Th Qs 3h]
alci33 checks
pas de bug bets 450
alci33 folds
pas de bug collected 1545 from pot
*** SUMMARY ***
Total pot 1545 | No rake
Board: [Th Qs 3h]
Seat 5: pas de bug won 1545


Winamax Poker - Tournament "Qualif. Ticket 3€" buyIn: 0,45€ + 0,05€ level: 7 - HandId: #476033151223726084-17-1425924646 - Holdem no limit (15/75/150) - 2015/03/09 18:10:46 UTC
Table: 'Qualif. Ticket 3€(110835105)#003' 9-max (real money) Seat #8 is the button
Seat 2: angyma23 (7625)
Seat 3: sabre_laser (2890)
Seat 4: python1376 (2875)
Seat 5: pas de bug (6440)
Seat 6: pairsonne (5925)
Seat 7: bois2rose (6870)
Seat 8: hoyasam_84 (3125)
Seat 9: alci33 (1765)
*** ANTE/BLINDS ***
alci33 posts ante 15
angyma23 posts ante 15
sabre_laser posts ante 15
python1376 posts ante 15
pas de bug posts ante 15
pairsonne posts ante 15
bois2rose posts ante 15
hoyasam_84 posts ante 15
alci33 posts small blind 75
angyma23 posts big blind 150
Dealt to sabre_laser [9h 7h]
*** PRE-FLOP *** 
sabre_laser folds
python1376 calls 150
pas de bug folds
pairsonne folds
bois2rose folds
hoyasam_84 folds
alci33 calls 75
angyma23 folds
*** FLOP *** [2d Kh Jd]
alci33 checks
python1376 checks
*** TURN *** [2d Kh Jd][Ac]
alci33 checks
python1376 bets 150
alci33 raises 150 to 300
python1376 calls 150
*** RIVER *** [2d Kh Jd Ac][4c]
alci33 bets 350
python1376 calls 350
*** SHOW DOWN ***
alci33 shows [6c 9s] (High card : Ace)
python1376 shows [Qs Ad] (One pair : Aces)
python1376 collected 1870 from pot
*** SUMMARY ***
Total pot 1870 | No rake
Board: [2d Kh Jd Ac 4c]
Seat 4: python1376 showed [Qs Ad] and won 1870 with One pair : Aces
Seat 9: alci33 (small blind) showed [6c 9s] and lost with High card : Ace


Winamax Poker - Tournament "Qualif. Ticket 3€" buyIn: 0,45€ + 0,05€ level: 7 - HandId: #476033151223726084-18-1425924693 - Holdem no limit (15/75/150) - 2015/03/09 18:11:33 UTC
Table: 'Qualif. Ticket 3€(110835105)#003' 9-max (real money) Seat #9 is the button
Seat 2: angyma23 (7460)
Seat 3: sabre_laser (2875)
Seat 4: python1376 (3930)
Seat 5: pas de bug (6425)
Seat 6: pairsonne (5910)
Seat 7: bois2rose (6855)
Seat 8: hoyasam_84 (3110)
Seat 9: alci33 (950)
*** ANTE/BLINDS ***
angyma23 posts ante 15
sabre_laser posts ante 15
python1376 posts ante 15
pas de bug posts ante 15
pairsonne posts ante 15
bois2rose posts ante 15
hoyasam_84 posts ante 15
alci33 posts ante 15
angyma23 posts small blind 75
sabre_laser posts big blind 150
Dealt to sabre_laser [3s 5h]
*** PRE-FLOP *** 
python1376 folds
pas de bug raises 150 to 300
pairsonne folds
bois2rose folds
hoyasam_84 folds
alci33 folds
angyma23 folds
sabre_laser calls 150
*** FLOP *** [Td 2c 5d]
sabre_laser checks
pas de bug checks
*** TURN *** [Td 2c 5d][4d]
sabre_laser bets 2560 and is all-in
pas de bug folds
sabre_laser collected 3355 from pot
*** SUMMARY ***
Total pot 3355 | No rake
Board: [Td 2c 5d 4d]
Seat 3: sabre_laser (big blind) won 3355


Winamax Poker - Tournament "Qualif. Ticket 3€" buyIn: 0,45€ + 0,05€ level: 7 - HandId: #476033151223726084-19-1425924736 - Holdem no limit (15/75/150) - 2015/03/09 18:12:16 UTC
Table: 'Qualif. Ticket 3€(110835105)#003' 9-max (real money) Seat #2 is the button
Seat 1: alexisalexis (3000)
Seat 2: angyma23 (7370)
Seat 3: sabre_laser (3355)
Seat 4: python1376 (3915)
Seat 5: pas de bug (6110)
Seat 6: pairsonne (5895)
Seat 7: bois2rose (6840)
Seat 8: hoyasam_84 (3095)
Seat 9: alci33 (935)
*** ANTE/BLINDS ***
sabre_laser posts ante 15
python1376 posts ante 15
alexisalexis posts ante 15
angyma23 posts ante 15
pas de bug posts ante 15
pairsonne posts ante 15
bois2rose posts ante 15
hoyasam_84 posts ante 15
alci33 posts ante 15
sabre_laser posts small blind 75
python1376 posts big blind 150
Dealt to sabre_laser [2h 6h]
*** PRE-FLOP *** 
pas de bug calls 150
pairsonne folds
bois2rose folds
hoyasam_84 folds
alci33 calls 150
alexisalexis raises 300 to 450
angyma23 folds
sabre_laser folds
python1376 folds
pas de bug calls 300
alci33 folds
*** FLOP *** [6c Kd 8d]
pas de bug bets 940
alexisalexis raises 1595 to 2535 and is all-in
pas de bug calls 1595
*** TURN *** [6c Kd 8d][As]
*** RIVER *** [6c Kd 8d As][4d]
*** SHOW DOWN ***
pas de bug shows [6d 7c] (One pair : 6)
alexisalexis shows [Qs Ks] (One pair : Kings)
alexisalexis collected 6480 from pot
*** SUMMARY ***
Total pot 6480 | No rake
Board: [6c Kd 8d As 4d]
Seat 1: alexisalexis showed [Qs Ks] and won 6480 with One pair : Kings
Seat 5: pas de bug showed [6d 7c] and lost with One pair : 6


Winamax Poker - Tournament "Qualif. Ticket 3€" buyIn: 0,45€ + 0,05€ level: 8 - HandId: #476033151223726084-20-1425924804 - Holdem no limit (20/100/200) - 2015/03/09 18:13:24 UTC
Table: 'Qualif. Ticket 3€(110835105)#003' 9-max (real money) Seat #3 is the button
Seat 1: alexisalexis (6480)
Seat 2: angyma23 (7355)
Seat 3: sabre_laser (3265)
Seat 4: python1376 (3750)
Seat 5: pas de bug (3110)
Seat 6: pairsonne (5880)
Seat 7: bois2rose (6825)
Seat 8: hoyasam_84 (3080)
Seat 9: alci33 (770)
*** ANTE/BLINDS ***
python1376 posts ante 20
pas de bug posts ante 20
alexisalexis posts ante 20
angyma23 posts ante 20
sabre_laser posts ante 20
pairsonne posts ante 20
bois2rose posts ante 20
hoyasam_84 posts ante 20
alci33 posts ante 20
python1376 posts small blind 100
pas de bug posts big blind 200
Dealt to sabre_laser [3d Ts]
*** PRE-FLOP *** 
pairsonne folds
bois2rose folds
hoyasam_84 folds
alci33 folds
alexisalexis folds
angyma23 folds
sabre_laser folds
python1376 folds
pas de bug collected 480 from pot
*** SUMMARY ***
Total pot 480 | No rake
Seat 5: pas de bug (big blind) won 480


Winamax Poker - Tournament "Qualif. Ticket 3€" buyIn: 0,45€ + 0,05€ level: 8 - HandId: #476033151223726084-21-1425924824 - Holdem no limit (20/100/200) - 2015/03/09 18:13:44 UTC
Table: 'Qualif. Ticket 3€(110835105)#003' 9-max (real money) Seat #4 is the button
Seat 1: alexisalexis (6460)
Seat 2: angyma23 (7335)
Seat 3: sabre_laser (3245)
Seat 4: python1376 (3630)
Seat 5: pas de bug (3370)
Seat 6: pairsonne (5860)
Seat 7: bois2rose (6805)
Seat 8: hoyasam_84 (3060)
Seat 9: alci33 (750)
*** ANTE/BLINDS ***
pas de bug posts ante 20
pairsonne posts ante 20
alexisalexis posts ante 20
angyma23 posts ante 20
sabre_laser posts ante 20
python1376 posts ante 20
bois2rose posts ante 20
hoyasam_84 posts ante 20
alci33 posts ante 20
pas de bug posts small blind 100
pairsonne posts big blind 200
Dealt to sabre_laser [7s Kh]
*** PRE-FLOP *** 
bois2rose folds
hoyasam_84 folds
alci33 calls 200
alexisalexis folds
angyma23 folds
sabre_laser folds
python1376 folds
pas de bug raises 3150 to 3350 and is all-in
pairsonne folds
alci33 calls 530 and is all-in
*** FLOP *** [6s Jh 8s]
*** TURN *** [6s Jh 8s][3c]
*** RIVER *** [6s Jh 8s 3c][Ts]
*** SHOW DOWN ***
alci33 shows [4d 6h] (One pair : 6)
pas de bug shows [8d Ks] (One pair : 8)
pas de bug collected 4460 from pot
*** SUMMARY ***
Total pot 4460 | No rake
Board: [6s Jh 8s 3c Ts]
Seat 5: pas de bug (small blind) showed [8d Ks] and won 4460 with One pair : 8
Seat 9: alci33 showed [4d 6h] and lost with One pair : 6


Winamax Poker - Tournament "Qualif. Ticket 3€" buyIn: 0,45€ + 0,05€ level: 8 - HandId: #476033151223726084-22-1425924868 - Holdem no limit (20/100/200) - 2015/03/09 18:14:28 UTC
Table: 'Qualif. Ticket 3€(110835105)#003' 9-max (real money) Seat #5 is the button
Seat 1: alexisalexis (6440)
Seat 2: angyma23 (7315)
Seat 3: sabre_laser (3225)
Seat 4: python1376 (3610)
Seat 5: pas de bug (4460)
Seat 6: pairsonne (5640)
Seat 7: bois2rose (6785)
Seat 8: hoyasam_84 (3040)
*** ANTE/BLINDS ***
pairsonne posts ante 20
bois2rose posts ante 20
alexisalexis posts ante 20
angyma23 posts ante 20
sabre_laser posts ante 20
python1376 posts ante 20
pas de bug posts ante 20
hoyasam_84 posts ante 20
pairsonne posts small blind 100
bois2rose posts big blind 200
Dealt to sabre_laser [5d 2d]
*** PRE-FLOP *** 
hoyasam_84 raises 200 to 400
alexisalexis folds
angyma23 folds
sabre_laser folds
python1376 folds
pas de bug raises 400 to 800
pairsonne folds
bois2rose folds
hoyasam_84 folds
pas de bug collected 1660 from pot
*** SUMMARY ***
Total pot 1660 | No rake
Seat 5: pas de bug (button) won 1660


Winamax Poker - Tournament "Qualif. Ticket 3€" buyIn: 0,45€ + 0,05€ level: 8 - HandId: #476033151223726084-23-1425924906 - Holdem no limit (20/100/200) - 2015/03/09 18:15:06 UTC
Table: 'Qualif. Ticket 3€(110835105)#003' 9-max (real money) Seat #6 is the button
Seat 1: alexisalexis (6420)
Seat 2: angyma23 (7295)
Seat 3: sabre_laser (3205)
Seat 4: python1376 (3590)
Seat 5: pas de bug (5300)
Seat 6: pairsonne (5520)
Seat 7: bois2rose (6565)
Seat 8: hoyasam_84 (2620)
*** ANTE/BLINDS ***
bois2rose posts ante 20
hoyasam_84 posts ante 20
alexisalexis posts ante 20
angyma23 posts ante 20
sabre_laser posts ante 20
python1376 posts ante 20
pas de bug posts ante 20
pairsonne posts ante 20
bois2rose posts small blind 100
hoyasam_84 posts big blind 200
Dealt to sabre_laser [9d 9h]
*** PRE-FLOP *** 
alexisalexis folds
angyma23 folds
sabre_laser raises 200 to 400
python1376 folds
pas de bug calls 400
pairsonne folds
bois2rose folds
hoyasam_84 calls 200
*** FLOP *** [8c 8h 8d]
hoyasam_84 checks
sabre_laser checks
pas de bug checks
*** TURN *** [8c 8h 8d][5h]
hoyasam_84 checks
sabre_laser checks
pas de bug bets 400
hoyasam_84 folds
sabre_laser calls 400
*** RIVER *** [8c 8h 8d 5h][Ts]
sabre_laser bets 800
pas de bug calls 800
*** SHOW DOWN ***
pas de bug shows [6s Ah] (Trips of 8)
sabre_laser shows [9d 9h] (Full of 8 and 9)
sabre_laser collected 3860 from pot
*** SUMMARY ***
Total pot 3860 | No rake
Board: [8c 8h 8d 5h Ts]
Seat 3: sabre_laser showed [9d 9h] and won 3860 with Full of 8 and 9
Seat 5: pas de bug showed [6s Ah] and lost with Trips of 8


Winamax Poker - Tournament "Qualif. Ticket 3€" buyIn: 0,45€ + 0,05€ level: 8 - HandId: #476033151223726084-24-1425924999 - Holdem no limit (20/100/200) - 2015/03/09 18:16:39 UTC
Table: 'Qualif. Ticket 3€(110835105)#003' 9-max (real money) Seat #7 is the button
Seat 1: alexisalexis (6400)
Seat 2: angyma23 (7275)
Seat 3: sabre_laser (5445)
Seat 4: python1376 (3570)
Seat 5: pas de bug (3680)
Seat 6: pairsonne (5500)
Seat 7: bois2rose (6445)
Seat 8: hoyasam_84 (2200)
*** ANTE/BLINDS ***
hoyasam_84 posts ante 20
alexisalexis posts ante 20
angyma23 posts ante 20
sabre_laser posts ante 20
python1376 posts ante 20
pas de bug posts ante 20
pairsonne posts ante 20
bois2rose posts ante 20
hoyasam_84 posts small blind 100
alexisalexis posts big blind 200
Dealt to sabre_laser [2d Qc]
*** PRE-FLOP *** 
angyma23 folds
sabre_laser folds
python1376 folds
pas de bug folds
pairsonne folds
bois2rose folds
hoyasam_84 raises 1980 to 2180 and is all-in
alexisalexis folds
hoyasam_84 collected 2540 from pot
*** SUMMARY ***
Total pot 2540 | No rake
Seat 8: hoyasam_84 (small blind) won 2540


Winamax Poker - Tournament "Qualif. Ticket 3€" buyIn: 0,45€ + 0,05€ level: 8 - HandId: #476033151223726084-25-1425925044 - Holdem no limit (20/100/200) - 2015/03/09 18:17:24 UTC
Table: 'Qualif. Ticket 3€(110835105)#003' 9-max (real money) Seat #8 is the button
Seat 1: alexisalexis (6180)
Seat 2: angyma23 (7255)
Seat 3: sabre_laser (5425)
Seat 4: python1376 (3550)
Seat 5: pas de bug (3660)
Seat 6: pairsonne (5480)
Seat 7: bois2rose (6425)
Seat 8: hoyasam_84 (2540)
*** ANTE/BLINDS ***
alexisalexis posts ante 20
angyma23 posts ante 20
sabre_laser posts ante 20
python1376 posts ante 20
pas de bug posts ante 20
pairsonne posts ante 20
bois2rose posts ante 20
hoyasam_84 posts ante 20
alexisalexis posts small blind 100
angyma23 posts big blind 200
Dealt to sabre_laser [Ts 5s]
*** PRE-FLOP *** 
sabre_laser folds
python1376 folds
pas de bug folds
pairsonne folds
bois2rose folds
hoyasam_84 raises 200 to 400
alexisalexis raises 600 to 1000
angyma23 folds
hoyasam_84 folds
alexisalexis collected 1760 from pot
*** SUMMARY ***
Total pot 1760 | No rake
Seat 1: alexisalexis (small blind) won 1760


Winamax Poker - Tournament "Qualif. Ticket 3€" buyIn: 0,45€ + 0,05€ level: 8 - HandId: #476033151223726084-26-1425925079 - Holdem no limit (20/100/200) - 2015/03/09 18:17:59 UTC
Table: 'Qualif. Ticket 3€(110835105)#003' 9-max (real money) Seat #1 is the button
Seat 1: alexisalexis (6920)
Seat 2: angyma23 (7035)
Seat 3: sabre_laser (5405)
Seat 4: python1376 (3530)
Seat 5: pas de bug (3640)
Seat 6: pairsonne (5460)
Seat 7: bois2rose (6405)
Seat 8: hoyasam_84 (2120)
*** ANTE/BLINDS ***
angyma23 posts ante 20
sabre_laser posts ante 20
alexisalexis posts ante 20
python1376 posts ante 20
pas de bug posts ante 20
pairsonne posts ante 20
bois2rose posts ante 20
hoyasam_84 posts ante 20
angyma23 posts small blind 100
sabre_laser posts big blind 200
Dealt to sabre_laser [7d 8s]
*** PRE-FLOP *** 
python1376 folds
pas de bug raises 400 to 600
pairsonne folds
bois2rose folds
hoyasam_84 folds
alexisalexis folds
angyma23 folds
sabre_laser folds
pas de bug collected 1060 from pot
*** SUMMARY ***
Total pot 1060 | No rake
Seat 5: pas de bug won 1060


Winamax Poker - Tournament "Qualif. Ticket 3€" buyIn: 0,45€ + 0,05€ level: 9 - HandId: #476033151223726084-27-1425925148 - Holdem no limit (25/125/250) - 2015/03/09 18:19:08 UTC
Table: 'Qualif. Ticket 3€(110835105)#003' 9-max (real money) Seat #2 is the button
Seat 1: alexisalexis (6900)
Seat 2: angyma23 (6915)
Seat 3: sabre_laser (5185)
Seat 4: python1376 (3510)
Seat 5: pas de bug (4080)
Seat 6: pairsonne (5440)
Seat 7: bois2rose (6385)
Seat 8: hoyasam_84 (2100)
*** ANTE/BLINDS ***
sabre_laser posts ante 25
python1376 posts ante 25
alexisalexis posts ante 25
angyma23 posts ante 25
pas de bug posts ante 25
pairsonne posts ante 25
bois2rose posts ante 25
hoyasam_84 posts ante 25
sabre_laser posts small blind 125
python1376 posts big blind 250
Dealt to sabre_laser [2c 4d]
*** PRE-FLOP *** 
pas de bug raises 825 to 1075
pairsonne folds
bois2rose folds
hoyasam_84 folds
alexisalexis folds
angyma23 folds
sabre_laser folds
python1376 folds
pas de bug collected 1650 from pot
*** SUMMARY ***
Total pot 1650 | No rake
Seat 5: pas de bug won 1650


Winamax Poker - Tournament "Qualif. Ticket 3€" buyIn: 0,45€ + 0,05€ level: 9 - HandId: #476033151223726084-28-1425925180 - Holdem no limit (25/125/250) - 2015/03/09 18:19:40 UTC
Table: 'Qualif. Ticket 3€(110835105)#003' 9-max (real money) Seat #3 is the button
Seat 1: alexisalexis (6875)
Seat 2: angyma23 (6890)
Seat 3: sabre_laser (5035)
Seat 4: python1376 (3235)
Seat 5: pas de bug (4630)
Seat 6: pairsonne (5415)
Seat 7: bois2rose (6360)
Seat 8: hoyasam_84 (2075)
*** ANTE/BLINDS ***
python1376 posts ante 25
pas de bug posts ante 25
alexisalexis posts ante 25
angyma23 posts ante 25
sabre_laser posts ante 25
pairsonne posts ante 25
bois2rose posts ante 25
hoyasam_84 posts ante 25
python1376 posts small blind 125
pas de bug posts big blind 250
Dealt to sabre_laser [3c Kd]
*** PRE-FLOP *** 
pairsonne folds
bois2rose folds
hoyasam_84 folds
alexisalexis folds
angyma23 folds
sabre_laser folds
python1376 folds
pas de bug collected 575 from pot
*** SUMMARY ***
Total pot 575 | No rake
Seat 5: pas de bug (big blind) won 575


Winamax Poker - Tournament "Qualif. Ticket 3€" buyIn: 0,45€ + 0,05€ level: 9 - HandId: #476033151223726084-29-1425925194 - Holdem no limit (25/125/250) - 2015/03/09 18:19:54 UTC
Table: 'Qualif. Ticket 3€(110835105)#003' 9-max (real money) Seat #4 is the button
Seat 1: alexisalexis (6850)
Seat 2: angyma23 (6865)
Seat 3: sabre_laser (5010)
Seat 4: python1376 (3085)
Seat 5: pas de bug (4930)
Seat 6: pairsonne (5390)
Seat 7: bois2rose (6335)
Seat 8: hoyasam_84 (2050)
*** ANTE/BLINDS ***
pas de bug posts ante 25
pairsonne posts ante 25
alexisalexis posts ante 25
angyma23 posts ante 25
sabre_laser posts ante 25
python1376 posts ante 25
bois2rose posts ante 25
hoyasam_84 posts ante 25
pas de bug posts small blind 125
pairsonne posts big blind 250
Dealt to sabre_laser [9h 2d]
*** PRE-FLOP *** 
bois2rose folds
hoyasam_84 folds
alexisalexis folds
angyma23 folds
sabre_laser folds
python1376 raises 2810 to 3060 and is all-in
pas de bug folds
pairsonne folds
python1376 collected 3635 from pot
*** SUMMARY ***
Total pot 3635 | No rake
Seat 4: python1376 (button) won 3635


Winamax Poker - Tournament "Qualif. Ticket 3€" buyIn: 0,45€ + 0,05€ level: 9 - HandId: #476033151223726084-30-1425925234 - Holdem no limit (25/125/250) - 2015/03/09 18:20:34 UTC
Table: 'Qualif. Ticket 3€(110835105)#003' 9-max (real money) Seat #5 is the button
Seat 1: alexisalexis (6825)
Seat 2: angyma23 (6840)
Seat 3: sabre_laser (4985)
Seat 4: python1376 (3635)
Seat 5: pas de bug (4780)
Seat 6: pairsonne (5115)
Seat 7: bois2rose (6310)
Seat 8: hoyasam_84 (2025)
*** ANTE/BLINDS ***
pairsonne posts ante 25
bois2rose posts ante 25
alexisalexis posts ante 25
angyma23 posts ante 25
sabre_laser posts ante 25
python1376 posts ante 25
pas de bug posts ante 25
hoyasam_84 posts ante 25
pairsonne posts small blind 125
bois2rose posts big blind 250
Dealt to sabre_laser [6s Tc]
*** PRE-FLOP *** 
hoyasam_84 folds
alexisalexis folds
angyma23 folds
sabre_laser folds
python1376 calls 250
pas de bug folds
pairsonne folds
bois2rose checks
*** FLOP *** [Kc 2s 4s]
bois2rose checks
python1376 checks
*** TURN *** [Kc 2s 4s][7c]
bois2rose checks
python1376 checks
*** RIVER *** [Kc 2s 4s 7c][9s]
bois2rose checks
python1376 checks
*** SHOW DOWN ***
python1376 shows [Ad 3h] (High card : Ace)
bois2rose shows [9d 8h] (One pair : 9)
bois2rose collected 825 from pot
*** SUMMARY ***
Total pot 825 | No rake
Board: [Kc 2s 4s 7c 9s]
Seat 4: python1376 showed [Ad 3h] and lost with High card : Ace
Seat 7: bois2rose (big blind) showed [9d 8h] and won 825 with One pair : 9


Winamax Poker - Tournament "Qualif. Ticket 3€" buyIn: 0,45€ + 0,05€ level: 9 - HandId: #476033151223726084-31-1425925282 - Holdem no limit (25/125/250) - 2015/03/09 18:21:22 UTC
Table: 'Qualif. Ticket 3€(110835105)#003' 9-max (real money) Seat #6 is the button
Seat 1: alexisalexis (6800)
Seat 2: angyma23 (6815)
Seat 3: sabre_laser (4960)
Seat 5: pas de bug (4755)
Seat 6: pairsonne (4965)
Seat 7: bois2rose (6860)
Seat 8: hoyasam_84 (2000)
*** ANTE/BLINDS ***
bois2rose posts ante 25
hoyasam_84 posts ante 25
alexisalexis posts ante 25
angyma23 posts ante 25
sabre_laser posts ante 25
pas de bug posts ante 25
pairsonne posts ante 25
bois2rose posts small blind 125
hoyasam_84 posts big blind 250
Dealt to sabre_laser [3d Td]
*** PRE-FLOP *** 
alexisalexis raises 250 to 500
angyma23 folds
sabre_laser folds
pas de bug folds
pairsonne folds
bois2rose folds
hoyasam_84 folds
alexisalexis collected 1050 from pot
*** SUMMARY ***
Total pot 1050 | No rake
Seat 1: alexisalexis won 1050


Winamax Poker - Tournament "Qualif. Ticket 3€" buyIn: 0,45€ + 0,05€ level: 9 - HandId: #476033151223726084-32-1425925306 - Holdem no limit (25/125/250) - 2015/03/09 18:21:46 UTC
Table: 'Qualif. Ticket 3€(110835105)#003' 9-max (real money) Seat #7 is the button
Seat 1: alexisalexis (7325)
Seat 2: angyma23 (6790)
Seat 3: sabre_laser (4935)
Seat 5: pas de bug (4730)
Seat 6: pairsonne (4940)
Seat 7: bois2rose (6710)
Seat 8: hoyasam_84 (1725)
*** ANTE/BLINDS ***
hoyasam_84 posts ante 25
alexisalexis posts ante 25
angyma23 posts ante 25
sabre_laser posts ante 25
pas de bug posts ante 25
pairsonne posts ante 25
bois2rose posts ante 25
hoyasam_84 posts small blind 125
alexisalexis posts big blind 250
Dealt to sabre_laser [6s 5s]
*** PRE-FLOP *** 
angyma23 folds
sabre_laser raises 250 to 500
pas de bug folds
pairsonne calls 500
bois2rose folds
hoyasam_84 folds
alexisalexis folds
*** FLOP *** [Jc 5d Th]
sabre_laser bets 250
pairsonne calls 250
*** TURN *** [Jc 5d Th][4c]
sabre_laser checks
pairsonne bets 1025
sabre_laser folds
pairsonne shows [8d 8s] (One pair : 8)
pairsonne collected 3075 from pot
*** SUMMARY ***
Total pot 3075 | No rake
Board: [Jc 5d Th 4c]
Seat 6: pairsonne showed [8d 8s] and won 3075 with One pair : 8


Winamax Poker - Tournament "Qualif. Ticket 3€" buyIn: 0,45€ + 0,05€ level: 9 - HandId: #476033151223726084-33-1425925372 - Holdem no limit (25/125/250) - 2015/03/09 18:22:52 UTC
Table: 'Qualif. Ticket 3€(110835105)#003' 9-max (real money) Seat #8 is the button
Seat 1: alexisalexis (7050)
Seat 2: angyma23 (6765)
Seat 3: sabre_laser (4160)
Seat 5: pas de bug (4705)
Seat 6: pairsonne (6215)
Seat 7: bois2rose (6685)
Seat 8: hoyasam_84 (1575)
*** ANTE/BLINDS ***
alexisalexis posts ante 25
angyma23 posts ante 25
sabre_laser posts ante 25
pas de bug posts ante 25
pairsonne posts ante 25
bois2rose posts ante 25
hoyasam_84 posts ante 25
alexisalexis posts small blind 125
angyma23 posts big blind 250
Dealt to sabre_laser [Qs 3s]
*** PRE-FLOP *** 
sabre_laser folds
pas de bug folds
pairsonne folds
bois2rose folds
hoyasam_84 raises 1300 to 1550 and is all-in
alexisalexis calls 1425
angyma23 raises 5190 to 6740 and is all-in
alexisalexis folds
*** FLOP *** [Jc 7d 5c]
*** TURN *** [Jc 7d 5c][3d]
*** RIVER *** [Jc 7d 5c 3d][Kh]
*** SHOW DOWN ***
hoyasam_84 shows [9c Kd] (One pair : Kings)
angyma23 shows [Ks Th] (One pair : Kings)
angyma23 collected 10015 from pot
*** SUMMARY ***
Total pot 10015 | No rake
Board: [Jc 7d 5c 3d Kh]
Seat 2: angyma23 (big blind) showed [Ks Th] and won 10015 with One pair : Kings
Seat 8: hoyasam_84 (button) showed [9c Kd] and lost with One pair : Kings


Winamax Poker - Tournament "Qualif. Ticket 3€" buyIn: 0,45€ + 0,05€ level: 9 - HandId: #476033151223726084-34-1425925420 - Holdem no limit (25/125/250) - 2015/03/09 18:23:40 UTC
Table: 'Qualif. Ticket 3€(110835105)#003' 9-max (real money) Seat #1 is the button
Seat 1: alexisalexis (5475)
Seat 2: angyma23 (10015)
Seat 3: sabre_laser (4135)
Seat 5: pas de bug (4680)
Seat 6: pairsonne (6190)
Seat 7: bois2rose (6660)
*** ANTE/BLINDS ***
angyma23 posts ante 25
sabre_laser posts ante 25
alexisalexis posts ante 25
pas de bug posts ante 25
pairsonne posts ante 25
bois2rose posts ante 25
angyma23 posts small blind 125
sabre_laser posts big blind 250
Dealt to sabre_laser [8s 4d]
*** PRE-FLOP *** 
pas de bug calls 250
pairsonne folds
bois2rose folds
alexisalexis folds
angyma23 raises 9740 to 9990 and is all-in
sabre_laser folds
pas de bug calls 4405 and is all-in
*** FLOP *** [Kc 2d Qd]
*** TURN *** [Kc 2d Qd][2s]
*** RIVER *** [Kc 2d Qd 2s][4s]
*** SHOW DOWN ***
pas de bug shows [Qc 3c] (Two pairs : Queens and 2)
angyma23 shows [Jc Ks] (Two pairs : Kings and 2)
angyma23 collected 15045 from pot
*** SUMMARY ***
Total pot 15045 | No rake
Board: [Kc 2d Qd 2s 4s]
Seat 2: angyma23 (small blind) showed [Jc Ks] and won 15045 with Two pairs : Kings and 2
Seat 5: pas de bug showed [Qc 3c] and lost with Two pairs : Queens and 2


Winamax Poker - Tournament "Qualif. Ticket 3€" buyIn: 0,45€ + 0,05€ level: 9 - HandId: #476033151223726081-56-1425925472 - Holdem no limit (25/125/250) - 2015/03/09 18:24:32 UTC
Table: 'Qualif. Ticket 3€(110835105)#000' 9-max (real money) Seat #1 is the button
Seat 1: gila levy (1365)
Seat 2: POUQUOIPAS94 (7632)
Seat 3: twas593 (5780)
Seat 4: Montela2sus (5885)
Seat 5: sabre_laser (3860)
Seat 6: Johnny.Quid (8670)
Seat 8: bois2rose (6635)
Seat 9: Miss.21 (15785)
*** ANTE/BLINDS ***
POUQUOIPAS94 posts ante 25
twas593 posts ante 25
gila levy posts ante 25
Montela2sus posts ante 25
sabre_laser posts ante 25
Johnny.Quid posts ante 25
bois2rose posts ante 25
Miss.21 posts ante 25
POUQUOIPAS94 posts small blind 125
twas593 posts big blind 250
Dealt to sabre_laser [Js 2h]
*** PRE-FLOP *** 
Montela2sus folds
sabre_laser folds
Johnny.Quid folds
bois2rose folds
Miss.21 folds
gila levy folds
POUQUOIPAS94 calls 125
twas593 raises 5505 to 5755 and is all-in
POUQUOIPAS94 folds
twas593 collected 6205 from pot
*** SUMMARY ***
Total pot 6205 | No rake
Seat 3: twas593 (big blind) won 6205


Winamax Poker - Tournament "Qualif. Ticket 3€" buyIn: 0,45€ + 0,05€ level: 10 - HandId: #476033151223726081-57-1425925514 - Holdem no limit (35/150/300) - 2015/03/09 18:25:14 UTC
Table: 'Qualif. Ticket 3€(110835105)#000' 9-max (real money) Seat #2 is the button
Seat 1: gila levy (1340)
Seat 2: POUQUOIPAS94 (7357)
Seat 3: twas593 (6205)
Seat 4: Montela2sus (5860)
Seat 5: sabre_laser (3835)
Seat 6: Johnny.Quid (8645)
Seat 7: cucu20 (16309)
Seat 8: bois2rose (6610)
Seat 9: Miss.21 (15760)
*** ANTE/BLINDS ***
twas593 posts ante 35
Montela2sus posts ante 35
gila levy posts ante 35
POUQUOIPAS94 posts ante 35
sabre_laser posts ante 35
Johnny.Quid posts ante 35
cucu20 posts ante 35
bois2rose posts ante 35
Miss.21 posts ante 35
twas593 posts small blind 150
Montela2sus posts big blind 300
Dealt to sabre_laser [Qd 3d]
*** PRE-FLOP *** 
sabre_laser folds
Johnny.Quid folds
cucu20 folds
bois2rose folds
Miss.21 folds
gila levy folds
POUQUOIPAS94 folds
twas593 raises 5850 to 6150
Montela2sus folds
twas593 collected 6765 from pot
*** SUMMARY ***
Total pot 6765 | No rake
Seat 3: twas593 (small blind) won 6765


Winamax Poker - Tournament "Qualif. Ticket 3€" buyIn: 0,45€ + 0,05€ level: 10 - HandId: #476033151223726081-58-1425925586 - Holdem no limit (35/150/300) - 2015/03/09 18:26:26 UTC
Table: 'Qualif. Ticket 3€(110835105)#000' 9-max (real money) Seat #3 is the button
Seat 1: gila levy (1305)
Seat 2: POUQUOIPAS94 (7322)
Seat 3: twas593 (6785)
Seat 4: Montela2sus (5525)
Seat 5: sabre_laser (3800)
Seat 6: Johnny.Quid (8610)
Seat 7: cucu20 (16274)
Seat 8: bois2rose (6575)
Seat 9: Miss.21 (15725)
*** ANTE/BLINDS ***
Montela2sus posts ante 35
sabre_laser posts ante 35
gila levy posts ante 35
POUQUOIPAS94 posts ante 35
twas593 posts ante 35
Johnny.Quid posts ante 35
cucu20 posts ante 35
bois2rose posts ante 35
Miss.21 posts ante 35
Montela2sus posts small blind 150
sabre_laser posts big blind 300
Dealt to sabre_laser [Th Qh]
*** PRE-FLOP *** 
Johnny.Quid folds
cucu20 calls 300
bois2rose folds
Miss.21 folds
gila levy folds
POUQUOIPAS94 folds
twas593 calls 300
Montela2sus calls 150
sabre_laser checks
*** FLOP *** [5c Ks 8h]
Montela2sus checks
sabre_laser checks
cucu20 checks
twas593 bets 6450 and is all-in
Montela2sus folds
sabre_laser folds
cucu20 folds
twas593 collected 7965 from pot
*** SUMMARY ***
Total pot 7965 | No rake
Board: [5c Ks 8h]
Seat 3: twas593 (button) won 7965


Winamax Poker - Tournament "Qualif. Ticket 3€" buyIn: 0,45€ + 0,05€ level: 10 - HandId: #476033151223726081-59-1425925678 - Holdem no limit (35/150/300) - 2015/03/09 18:27:58 UTC
Table: 'Qualif. Ticket 3€(110835105)#000' 9-max (real money) Seat #4 is the button
Seat 2: POUQUOIPAS94 (7287)
Seat 3: twas593 (7965)
Seat 4: Montela2sus (5190)
Seat 5: sabre_laser (3465)
Seat 6: Johnny.Quid (8575)
Seat 7: cucu20 (15939)
Seat 8: bois2rose (6540)
Seat 9: Miss.21 (15690)
*** ANTE/BLINDS ***
sabre_laser posts ante 35
Johnny.Quid posts ante 35
POUQUOIPAS94 posts ante 35
twas593 posts ante 35
Montela2sus posts ante 35
cucu20 posts ante 35
bois2rose posts ante 35
Miss.21 posts ante 35
sabre_laser posts small blind 150
Johnny.Quid posts big blind 300
Dealt to sabre_laser [4d Kc]
*** PRE-FLOP *** 
cucu20 folds
bois2rose folds
Miss.21 calls 300
POUQUOIPAS94 calls 300
twas593 folds
Montela2sus calls 300
sabre_laser calls 150
Johnny.Quid checks
*** FLOP *** [Ac Ah 6h]
sabre_laser checks
Johnny.Quid checks
Miss.21 bets 1780
POUQUOIPAS94 calls 1780
Montela2sus folds
sabre_laser folds
Johnny.Quid folds
*** TURN *** [Ac Ah 6h][5s]
Miss.21 bets 13575 and is all-in
POUQUOIPAS94 calls 5172 and is all-in
*** RIVER *** [Ac Ah 6h 5s][6d]
*** SHOW DOWN ***
POUQUOIPAS94 shows [3c As] (Full of Aces and 6)
Miss.21 shows [Qs Ad] (Full of Aces and 6)
Miss.21 collected 16245 from side pot 1
POUQUOIPAS94 collected 7842 from main pot
*** SUMMARY ***
Total pot 24087 | No rake
Board: [Ac Ah 6h 5s 6d]
Seat 2: POUQUOIPAS94 showed [3c As] and won 7842 with Full of Aces and 6
Seat 9: Miss.21 showed [Qs Ad] and won 16245 with Full of Aces and 6


Winamax Poker - Tournament "Qualif. Ticket 3€" buyIn: 0,45€ + 0,05€ level: 10 - HandId: #476033151223726081-60-1425925757 - Holdem no limit (35/150/300) - 2015/03/09 18:29:17 UTC
Table: 'Qualif. Ticket 3€(110835105)#000' 9-max (real money) Seat #5 is the button
Seat 2: POUQUOIPAS94 (7842)
Seat 3: twas593 (7930)
Seat 4: Montela2sus (4855)
Seat 5: sabre_laser (3130)
Seat 6: Johnny.Quid (8240)
Seat 7: cucu20 (15904)
Seat 8: bois2rose (6505)
Seat 9: Miss.21 (16245)
*** ANTE/BLINDS ***
Johnny.Quid posts ante 35
cucu20 posts ante 35
POUQUOIPAS94 posts ante 35
twas593 posts ante 35
Montela2sus posts ante 35
sabre_laser posts ante 35
bois2rose posts ante 35
Miss.21 posts ante 35
Johnny.Quid posts small blind 150
cucu20 posts big blind 300
Dealt to sabre_laser [Kc 3s]
*** PRE-FLOP *** 
bois2rose folds
Miss.21 folds
POUQUOIPAS94 calls 300
twas593 folds
Montela2sus folds
sabre_laser folds
Johnny.Quid calls 150
cucu20 checks
*** FLOP *** [8d 4s As]
Johnny.Quid checks
cucu20 checks
POUQUOIPAS94 checks
*** TURN *** [8d 4s As][Ks]
Johnny.Quid checks
cucu20 bets 300
POUQUOIPAS94 folds
Johnny.Quid calls 300
*** RIVER *** [8d 4s As Ks][9d]
Johnny.Quid checks
cucu20 checks
*** SHOW DOWN ***
cucu20 shows [Td Jd] (High card : Ace)
Johnny.Quid shows [Ac 6h] (One pair : Aces)
Johnny.Quid collected 1780 from pot
*** SUMMARY ***
Total pot 1780 | No rake
Board: [8d 4s As Ks 9d]
Seat 6: Johnny.Quid (small blind) showed [Ac 6h] and won 1780 with One pair : Aces
Seat 7: cucu20 (big blind) showed [Td Jd] and lost with High card : Ace


Winamax Poker - Tournament "Qualif. Ticket 3€" buyIn: 0,45€ + 0,05€ level: 10 - HandId: #476033151223726081-61-1425925847 - Holdem no limit (35/150/300) - 2015/03/09 18:30:47 UTC
Table: 'Qualif. Ticket 3€(110835105)#000' 9-max (real money) Seat #6 is the button
Seat 2: POUQUOIPAS94 (7507)
Seat 3: twas593 (7895)
Seat 4: Montela2sus (4820)
Seat 5: sabre_laser (3095)
Seat 6: Johnny.Quid (9385)
Seat 7: cucu20 (15269)
Seat 8: bois2rose (6470)
Seat 9: Miss.21 (16210)
*** ANTE/BLINDS ***
cucu20 posts ante 35
bois2rose posts ante 35
POUQUOIPAS94 posts ante 35
twas593 posts ante 35
Montela2sus posts ante 35
sabre_laser posts ante 35
Johnny.Quid posts ante 35
Miss.21 posts ante 35
cucu20 posts small blind 150
bois2rose posts big blind 300
Dealt to sabre_laser [4h Ad]
*** PRE-FLOP *** 
Miss.21 folds
POUQUOIPAS94 raises 300 to 600
twas593 folds
Montela2sus calls 600
sabre_laser folds
Johnny.Quid folds
cucu20 folds
bois2rose folds
*** FLOP *** [4d Jh 8c]
POUQUOIPAS94 bets 1930
Montela2sus raises 2255 to 4185 and is all-in
POUQUOIPAS94 calls 2255
*** TURN *** [4d Jh 8c][As]
*** RIVER *** [4d Jh 8c As][2h]
*** SHOW DOWN ***
Montela2sus shows [Ks Jc] (One pair : Jacks)
POUQUOIPAS94 shows [Qd Ah] (One pair : Aces)
POUQUOIPAS94 collected 10300 from pot
*** SUMMARY ***
Total pot 10300 | No rake
Board: [4d Jh 8c As 2h]
Seat 2: POUQUOIPAS94 showed [Qd Ah] and won 10300 with One pair : Aces
Seat 4: Montela2sus showed [Ks Jc] and lost with One pair : Jacks


Winamax Poker - Tournament "Qualif. Ticket 3€" buyIn: 0,45€ + 0,05€ level: 11 - HandId: #476033151223726081-62-1425925920 - Holdem no limit (40/200/400) - 2015/03/09 18:32:00 UTC
Table: 'Qualif. Ticket 3€(110835105)#000' 9-max (real money) Seat #7 is the button
Seat 2: POUQUOIPAS94 (12987)
Seat 3: twas593 (7860)
Seat 5: sabre_laser (3060)
Seat 6: Johnny.Quid (9350)
Seat 7: cucu20 (15084)
Seat 8: bois2rose (6135)
Seat 9: Miss.21 (16175)
*** ANTE/BLINDS ***
bois2rose posts ante 40
Miss.21 posts ante 40
POUQUOIPAS94 posts ante 40
twas593 posts ante 40
sabre_laser posts ante 40
Johnny.Quid posts ante 40
cucu20 posts ante 40
bois2rose posts small blind 200
Miss.21 posts big blind 400
Dealt to sabre_laser [Ac 8s]
*** PRE-FLOP *** 
POUQUOIPAS94 calls 400
twas593 calls 400
sabre_laser raises 2620 to 3020 and is all-in
Johnny.Quid folds
cucu20 folds
bois2rose folds
Miss.21 folds
POUQUOIPAS94 calls 2620
twas593 folds
*** FLOP *** [7c Js 4c]
*** TURN *** [7c Js 4c][3h]
*** RIVER *** [7c Js 4c 3h][8d]
*** SHOW DOWN ***
POUQUOIPAS94 shows [Qs Ts] (High card : Queen)
sabre_laser shows [Ac 8s] (One pair : 8)
sabre_laser collected 7320 from pot
*** SUMMARY ***
Total pot 7320 | No rake
Board: [7c Js 4c 3h 8d]
Seat 2: POUQUOIPAS94 showed [Qs Ts] and lost with High card : Queen
Seat 5: sabre_laser showed [Ac 8s] and won 7320 with One pair : 8


Winamax Poker - Tournament "Qualif. Ticket 3€" buyIn: 0,45€ + 0,05€ level: 11 - HandId: #476033151223726081-63-1425925971 - Holdem no limit (40/200/400) - 2015/03/09 18:32:51 UTC
Table: 'Qualif. Ticket 3€(110835105)#000' 9-max (real money) Seat #8 is the button
Seat 1: alan.gils (18900)
Seat 2: POUQUOIPAS94 (9927)
Seat 3: twas593 (7420)
Seat 5: sabre_laser (7320)
Seat 6: Johnny.Quid (9310)
Seat 7: cucu20 (15044)
Seat 8: bois2rose (5895)
Seat 9: Miss.21 (15735)
*** ANTE/BLINDS ***
Miss.21 posts ante 40
alan.gils posts ante 40
POUQUOIPAS94 posts ante 40
twas593 posts ante 40
sabre_laser posts ante 40
Johnny.Quid posts ante 40
cucu20 posts ante 40
bois2rose posts ante 40
Miss.21 posts small blind 200
alan.gils posts big blind 400
Dealt to sabre_laser [3d 3s]
*** PRE-FLOP *** 
POUQUOIPAS94 folds
twas593 folds
sabre_laser raises 400 to 800
Johnny.Quid folds
cucu20 folds
bois2rose folds
Miss.21 calls 600
alan.gils folds
*** FLOP *** [9d 4h 3h]
Miss.21 checks
sabre_laser bets 1160
Miss.21 calls 1160
*** TURN *** [9d 4h 3h][6c]
Miss.21 checks
sabre_laser bets 2320
Miss.21 calls 2320
*** RIVER *** [9d 4h 3h 6c][4s]
Miss.21 checks
sabre_laser bets 3000 and is all-in
Miss.21 folds
sabre_laser collected 12280 from pot
*** SUMMARY ***
Total pot 12280 | No rake
Board: [9d 4h 3h 6c 4s]
Seat 5: sabre_laser won 12280


Winamax Poker - Tournament "Qualif. Ticket 3€" buyIn: 0,45€ + 0,05€ level: 11 - HandId: #476033151223726081-64-1425926044 - Holdem no limit (40/200/400) - 2015/03/09 18:34:04 UTC
Table: 'Qualif. Ticket 3€(110835105)#000' 9-max (real money) Seat #9 is the button
Seat 1: alan.gils (18460)
Seat 2: POUQUOIPAS94 (9887)
Seat 5: sabre_laser (12280)
Seat 6: Johnny.Quid (9270)
Seat 8: bois2rose (5855)
Seat 9: Miss.21 (11415)
*** ANTE/BLINDS ***
alan.gils posts ante 40
POUQUOIPAS94 posts ante 40
sabre_laser posts ante 40
Johnny.Quid posts ante 40
bois2rose posts ante 40
Miss.21 posts ante 40
alan.gils posts small blind 200
POUQUOIPAS94 posts big blind 400
Dealt to sabre_laser [7s Kh]
*** PRE-FLOP *** 
sabre_laser folds
Johnny.Quid folds
bois2rose calls 400
Miss.21 folds
alan.gils raises 800 to 1200
POUQUOIPAS94 folds
bois2rose raises 4615 to 5815 and is all-in
alan.gils raises 12605 to 18420 and is all-in
*** FLOP *** [9d 5c 9s]
*** TURN *** [9d 5c 9s][Tc]
*** RIVER *** [9d 5c 9s Tc][2h]
*** SHOW DOWN ***
bois2rose shows [7h 7c] (Two pairs : 9 and 7)
alan.gils shows [As Ks] (One pair : 9)
alan.gils collected 12605 from side pot 1
bois2rose collected 12270 from main pot
*** SUMMARY ***
Total pot 24875 | No rake
Board: [9d 5c 9s Tc 2h]
Seat 1: alan.gils (small blind) showed [As Ks] and won 12605 with One pair : 9
Seat 8: bois2rose showed [7h 7c] and won 12270 with Two pairs : 9 and 7


Winamax Poker - Tournament "Qualif. Ticket 3€" buyIn: 0,45€ + 0,05€ level: 11 - HandId: #476033151223726081-65-1425926092 - Holdem no limit (40/200/400) - 2015/03/09 18:34:52 UTC
Table: 'Qualif. Ticket 3€(110835105)#000' 9-max (real money) Seat #1 is the button
Seat 1: alan.gils (12605)
Seat 2: POUQUOIPAS94 (9447)
Seat 5: sabre_laser (12240)
Seat 6: Johnny.Quid (9230)
Seat 8: bois2rose (12270)
Seat 9: Miss.21 (11375)
*** ANTE/BLINDS ***
POUQUOIPAS94 posts ante 40
sabre_laser posts ante 40
alan.gils posts ante 40
Johnny.Quid posts ante 40
bois2rose posts ante 40
Miss.21 posts ante 40
POUQUOIPAS94 posts small blind 200
sabre_laser posts big blind 400
Dealt to sabre_laser [8c 6s]
*** PRE-FLOP *** 
Johnny.Quid folds
bois2rose calls 400
Miss.21 folds
alan.gils folds
POUQUOIPAS94 folds
sabre_laser checks
*** FLOP *** [5h Jc 7s]
sabre_laser checks
bois2rose bets 400
sabre_laser calls 400
*** TURN *** [5h Jc 7s][6c]
sabre_laser checks
bois2rose checks
*** RIVER *** [5h Jc 7s 6c][9d]
sabre_laser checks
bois2rose checks
*** SHOW DOWN ***
bois2rose shows [Ks Td] (High card : King)
sabre_laser shows [8c 6s] (Straight 9 high)
sabre_laser collected 2040 from pot
*** SUMMARY ***
Total pot 2040 | No rake
Board: [5h Jc 7s 6c 9d]
Seat 5: sabre_laser (big blind) showed [8c 6s] and won 2040 with Straight 9 high
Seat 8: bois2rose showed [Ks Td] and lost with High card : King


Winamax Poker - Tournament "Qualif. Ticket 3€" buyIn: 0,45€ + 0,05€ level: 11 - HandId: #476033151223726081-66-1425926184 - Holdem no limit (40/200/400) - 2015/03/09 18:36:24 UTC
Table: 'Qualif. Ticket 3€(110835105)#000' 9-max (real money) Seat #2 is the button
Seat 1: alan.gils (12565)
Seat 2: POUQUOIPAS94 (9207)
Seat 3: Chtoffy (3892)
Seat 4: dartagnan001 (18983)
Seat 5: sabre_laser (13440)
Seat 6: Johnny.Quid (9190)
Seat 7: unD3aD (4125)
Seat 8: bois2rose (11430)
Seat 9: Miss.21 (11335)
*** ANTE/BLINDS ***
sabre_laser posts ante 40
Johnny.Quid posts ante 40
alan.gils posts ante 40
POUQUOIPAS94 posts ante 40
unD3aD posts ante 40
bois2rose posts ante 40
Miss.21 posts ante 40
sabre_laser posts small blind 200
Johnny.Quid posts big blind 400
Dealt to sabre_laser [7c 3h]
*** PRE-FLOP *** 
unD3aD folds
bois2rose folds
Miss.21 folds
alan.gils calls 400
POUQUOIPAS94 folds
sabre_laser folds
Johnny.Quid checks
*** FLOP *** [5c 7h 3d]
Johnny.Quid checks
alan.gils bets 400
Johnny.Quid calls 400
*** TURN *** [5c 7h 3d][2h]
Johnny.Quid checks
alan.gils bets 1200
Johnny.Quid calls 1200
*** RIVER *** [5c 7h 3d 2h][As]
Johnny.Quid checks
alan.gils bets 1600
Johnny.Quid folds
alan.gils collected 6080 from pot
*** SUMMARY ***
Total pot 6080 | No rake
Board: [5c 7h 3d 2h As]
Seat 1: alan.gils won 6080


Winamax Poker - Tournament "Qualif. Ticket 3€" buyIn: 0,45€ + 0,05€ level: 12 - HandId: #476033151223726081-67-1425926257 - Holdem no limit (50/250/500) - 2015/03/09 18:37:37 UTC
Table: 'Qualif. Ticket 3€(110835105)#000' 9-max (real money) Seat #5 is the button
Seat 1: alan.gils (15005)
Seat 2: POUQUOIPAS94 (9167)
Seat 3: Chtoffy (3892)
Seat 4: dartagnan001 (18983)
Seat 5: sabre_laser (13200)
Seat 6: Johnny.Quid (7150)
Seat 7: unD3aD (4085)
Seat 8: bois2rose (11390)
Seat 9: Miss.21 (11295)
*** ANTE/BLINDS ***
Johnny.Quid posts ante 50
unD3aD posts ante 50
alan.gils posts ante 50
POUQUOIPAS94 posts ante 50
Chtoffy posts ante 50
dartagnan001 posts ante 50
sabre_laser posts ante 50
bois2rose posts ante 50
Miss.21 posts ante 50
Johnny.Quid posts small blind 250
unD3aD posts big blind 500
Dealt to sabre_laser [9d 6c]
*** PRE-FLOP *** 
bois2rose folds
Miss.21 folds
alan.gils folds
POUQUOIPAS94 folds
Chtoffy folds
dartagnan001 folds
sabre_laser raises 500 to 1000
Johnny.Quid folds
unD3aD folds
sabre_laser collected 2200 from pot
*** SUMMARY ***
Total pot 2200 | No rake
Seat 5: sabre_laser (button) won 2200


Winamax Poker - Tournament "Qualif. Ticket 3€" buyIn: 0,45€ + 0,05€ level: 12 - HandId: #476033151223726081-68-1425926288 - Holdem no limit (50/250/500) - 2015/03/09 18:38:08 UTC
Table: 'Qualif. Ticket 3€(110835105)#000' 9-max (real money) Seat #6 is the button
Seat 1: alan.gils (14955)
Seat 2: POUQUOIPAS94 (9117)
Seat 3: Chtoffy (3842)
Seat 4: dartagnan001 (18933)
Seat 5: sabre_laser (14350)
Seat 7: unD3aD (3535)
Seat 8: bois2rose (11340)
Seat 9: Miss.21 (11245)
*** ANTE/BLINDS ***
unD3aD posts ante 50
bois2rose posts ante 50
alan.gils posts ante 50
POUQUOIPAS94 posts ante 50
Chtoffy posts ante 50
dartagnan001 posts ante 50
sabre_laser posts ante 50
Miss.21 posts ante 50
unD3aD posts small blind 250
bois2rose posts big blind 500
Dealt to sabre_laser [5c 8s]
*** PRE-FLOP *** 
Miss.21 calls 500
alan.gils folds
POUQUOIPAS94 calls 500
Chtoffy raises 3292 to 3792 and is all-in
dartagnan001 calls 3792
sabre_laser folds
unD3aD folds
bois2rose folds
Miss.21 folds
POUQUOIPAS94 calls 3292
*** FLOP *** [6c 3h 8c]
POUQUOIPAS94 checks
dartagnan001 bets 500
POUQUOIPAS94 calls 500
*** TURN *** [6c 3h 8c][9d]
POUQUOIPAS94 checks
dartagnan001 bets 500
POUQUOIPAS94 raises 4275 to 4775 and is all-in
dartagnan001 raises 4275 to 9050
*** RIVER *** [6c 3h 8c 9d][Qh]
*** SHOW DOWN ***
Chtoffy shows [Ah 8d] (One pair : 8)
POUQUOIPAS94 shows [9h Th] (One pair : 9)
dartagnan001 shows [Ac 3s] (One pair : 3)
dartagnan001 collected 4275 from side pot 1
POUQUOIPAS94 collected 23576 from main pot
*** SUMMARY ***
Total pot 27851 | No rake
Board: [6c 3h 8c 9d Qh]
Seat 2: POUQUOIPAS94 showed [9h Th] and won 23576 with One pair : 9
Seat 3: Chtoffy showed [Ah 8d] and lost with One pair : 8
Seat 4: dartagnan001 showed [Ac 3s] and won 4275 with One pair : 3


Winamax Poker - Tournament "Qualif. Ticket 3€" buyIn: 0,45€ + 0,05€ level: 12 - HandId: #476033151223726081-69-1425926345 - Holdem no limit (50/250/500) - 2015/03/09 18:39:05 UTC
Table: 'Qualif. Ticket 3€(110835105)#000' 9-max (real money) Seat #7 is the button
Seat 1: alan.gils (14905)
Seat 2: POUQUOIPAS94 (23576)
Seat 4: dartagnan001 (9816)
Seat 5: sabre_laser (14300)
Seat 7: unD3aD (3235)
Seat 8: bois2rose (10790)
Seat 9: Miss.21 (10695)
*** ANTE/BLINDS ***
bois2rose posts ante 50
Miss.21 posts ante 50
alan.gils posts ante 50
POUQUOIPAS94 posts ante 50
dartagnan001 posts ante 50
sabre_laser posts ante 50
unD3aD posts ante 50
bois2rose posts small blind 250
Miss.21 posts big blind 500
Dealt to sabre_laser [Qh 3c]
*** PRE-FLOP *** 
alan.gils raises 500 to 1000
POUQUOIPAS94 folds
dartagnan001 calls 1000
sabre_laser folds
unD3aD folds
bois2rose folds
Miss.21 calls 500
*** FLOP *** [5d Kd Td]
Miss.21 checks
alan.gils bets 3000
dartagnan001 folds
Miss.21 folds
alan.gils collected 6600 from pot
*** SUMMARY ***
Total pot 6600 | No rake
Board: [5d Kd Td]
Seat 1: alan.gils won 6600


Winamax Poker - Tournament "Qualif. Ticket 3€" buyIn: 0,45€ + 0,05€ level: 12 - HandId: #476033151223726081-70-1425926408 - Holdem no limit (50/250/500) - 2015/03/09 18:40:08 UTC
Table: 'Qualif. Ticket 3€(110835105)#000' 9-max (real money) Seat #8 is the button
Seat 1: alan.gils (17455)
Seat 2: POUQUOIPAS94 (23526)
Seat 3: Swed_Mystra (12210)
Seat 4: dartagnan001 (8766)
Seat 5: sabre_laser (14250)
Seat 7: unD3aD (3185)
Seat 8: bois2rose (10490)
Seat 9: Miss.21 (9645)
*** ANTE/BLINDS ***
Miss.21 posts ante 50
alan.gils posts ante 50
POUQUOIPAS94 posts ante 50
Swed_Mystra posts ante 50
dartagnan001 posts ante 50
sabre_laser posts ante 50
unD3aD posts ante 50
bois2rose posts ante 50
Miss.21 posts small blind 250
alan.gils posts big blind 500
Dealt to sabre_laser [5h 7h]
*** PRE-FLOP *** 
POUQUOIPAS94 folds
Swed_Mystra folds
dartagnan001 raises 500 to 1000
sabre_laser folds
unD3aD folds
bois2rose folds
Miss.21 folds
alan.gils calls 500
*** FLOP *** [Td As 6c]
alan.gils checks
dartagnan001 bets 500
alan.gils folds
dartagnan001 collected 3150 from pot
*** SUMMARY ***
Total pot 3150 | No rake
Board: [Td As 6c]
Seat 4: dartagnan001 won 3150


Winamax Poker - Tournament "Qualif. Ticket 3€" buyIn: 0,45€ + 0,05€ level: 12 - HandId: #476033151223726081-71-1425926446 - Holdem no limit (50/250/500) - 2015/03/09 18:40:46 UTC
Table: 'Qualif. Ticket 3€(110835105)#000' 9-max (real money) Seat #9 is the button
Seat 1: alan.gils (16405)
Seat 2: POUQUOIPAS94 (23476)
Seat 3: Swed_Mystra (12160)
Seat 4: dartagnan001 (10366)
Seat 5: sabre_laser (14200)
Seat 7: unD3aD (3135)
Seat 8: bois2rose (10440)
Seat 9: Miss.21 (9345)
*** ANTE/BLINDS ***
alan.gils posts ante 50
POUQUOIPAS94 posts ante 50
Swed_Mystra posts ante 50
dartagnan001 posts ante 50
sabre_laser posts ante 50
unD3aD posts ante 50
bois2rose posts ante 50
Miss.21 posts ante 50
alan.gils posts small blind 250
POUQUOIPAS94 posts big blind 500
Dealt to sabre_laser [9h 5s]
*** PRE-FLOP *** 
Swed_Mystra folds
dartagnan001 calls 500
sabre_laser folds
unD3aD folds
bois2rose folds
Miss.21 raises 1750 to 2250
alan.gils folds
POUQUOIPAS94 folds
dartagnan001 raises 1750 to 4000
Miss.21 raises 5295 to 9295 and is all-in
dartagnan001 calls 5295
*** FLOP *** [Qh 3h 5c]
*** TURN *** [Qh 3h 5c][Qd]
*** RIVER *** [Qh 3h 5c Qd][2d]
*** SHOW DOWN ***
dartagnan001 shows [8h Ad] (One pair : Queens)
Miss.21 shows [Kh Ac] (One pair : Queens)
Miss.21 collected 19740 from pot
*** SUMMARY ***
Total pot 19740 | No rake
Board: [Qh 3h 5c Qd 2d]
Seat 4: dartagnan001 showed [8h Ad] and lost with One pair : Queens
Seat 9: Miss.21 (button) showed [Kh Ac] and won 19740 with One pair : Queens


Winamax Poker - Tournament "Qualif. Ticket 3€" buyIn: 0,45€ + 0,05€ level: 12 - HandId: #476033151223726081-72-1425926483 - Holdem no limit (50/250/500) - 2015/03/09 18:41:23 UTC
Table: 'Qualif. Ticket 3€(110835105)#000' 9-max (real money) Seat #1 is the button
Seat 1: alan.gils (16105)
Seat 2: POUQUOIPAS94 (22926)
Seat 3: Swed_Mystra (12110)
Seat 4: dartagnan001 (1021)
Seat 5: sabre_laser (14150)
Seat 7: unD3aD (3085)
Seat 8: bois2rose (10390)
Seat 9: Miss.21 (19740)
*** ANTE/BLINDS ***
POUQUOIPAS94 posts ante 50
Swed_Mystra posts ante 50
alan.gils posts ante 50
dartagnan001 posts ante 50
sabre_laser posts ante 50
unD3aD posts ante 50
bois2rose posts ante 50
Miss.21 posts ante 50
POUQUOIPAS94 posts small blind 250
Swed_Mystra posts big blind 500
Dealt to sabre_laser [7c 9h]
*** PRE-FLOP *** 
dartagnan001 raises 471 to 971 and is all-in
sabre_laser folds
unD3aD folds
bois2rose folds
Miss.21 folds
alan.gils folds
POUQUOIPAS94 calls 721
Swed_Mystra raises 11089 to 12060 and is all-in
POUQUOIPAS94 folds
*** FLOP *** [9d 8c Ad]
*** TURN *** [9d 8c Ad][3c]
*** RIVER *** [9d 8c Ad 3c][2s]
*** SHOW DOWN ***
dartagnan001 shows [8d 2c] (Two pairs : 8 and 2)
Swed_Mystra shows [Qh Ac] (One pair : Aces)
Swed_Mystra collected 11089 from side pot 1
dartagnan001 collected 3313 from main pot
*** SUMMARY ***
Total pot 14402 | No rake
Board: [9d 8c Ad 3c 2s]
Seat 3: Swed_Mystra (big blind) showed [Qh Ac] and won 11089 with One pair : Aces
Seat 4: dartagnan001 showed [8d 2c] and won 3313 with Two pairs : 8 and 2


Winamax Poker - Tournament "Qualif. Ticket 3€" buyIn: 0,45€ + 0,05€ level: 12 - HandId: #476033151223726081-73-1425926523 - Holdem no limit (50/250/500) - 2015/03/09 18:42:03 UTC
Table: 'Qualif. Ticket 3€(110835105)#000' 9-max (real money) Seat #2 is the button
Seat 1: alan.gils (16055)
Seat 2: POUQUOIPAS94 (21905)
Seat 3: Swed_Mystra (11089)
Seat 4: dartagnan001 (3313)
Seat 5: sabre_laser (14100)
Seat 7: unD3aD (3035)
Seat 8: bois2rose (10340)
Seat 9: Miss.21 (19690)
*** ANTE/BLINDS ***
Swed_Mystra posts ante 50
dartagnan001 posts ante 50
alan.gils posts ante 50
POUQUOIPAS94 posts ante 50
sabre_laser posts ante 50
unD3aD posts ante 50
bois2rose posts ante 50
Miss.21 posts ante 50
Swed_Mystra posts small blind 250
dartagnan001 posts big blind 500
Dealt to sabre_laser [Th Js]
*** PRE-FLOP *** 
sabre_laser folds
unD3aD folds
bois2rose folds
Miss.21 folds
alan.gils folds
POUQUOIPAS94 folds
Swed_Mystra folds
dartagnan001 collected 1150 from pot
*** SUMMARY ***
Total pot 1150 | No rake
Seat 4: dartagnan001 (big blind) won 1150


Winamax Poker - Tournament "Qualif. Ticket 3€" buyIn: 0,45€ + 0,05€ level: 12 - HandId: #476033151223726081-74-1425926550 - Holdem no limit (50/250/500) - 2015/03/09 18:42:30 UTC
Table: 'Qualif. Ticket 3€(110835105)#000' 9-max (real money) Seat #3 is the button
Seat 1: alan.gils (16005)
Seat 2: POUQUOIPAS94 (21855)
Seat 3: Swed_Mystra (10789)
Seat 4: dartagnan001 (3913)
Seat 5: sabre_laser (14050)
Seat 7: unD3aD (2985)
Seat 8: bois2rose (10290)
Seat 9: Miss.21 (19640)
*** ANTE/BLINDS ***
dartagnan001 posts ante 50
sabre_laser posts ante 50
alan.gils posts ante 50
POUQUOIPAS94 posts ante 50
Swed_Mystra posts ante 50
unD3aD posts ante 50
bois2rose posts ante 50
Miss.21 posts ante 50
dartagnan001 posts small blind 250
sabre_laser posts big blind 500
Dealt to sabre_laser [Qh Js]
*** PRE-FLOP *** 
unD3aD folds
bois2rose raises 1000 to 1500
Miss.21 folds
alan.gils folds
POUQUOIPAS94 folds
Swed_Mystra folds
dartagnan001 raises 1000 to 2500
sabre_laser folds
bois2rose raises 1000 to 3500
dartagnan001 calls 1000
*** FLOP *** [4d Ad 7c]
dartagnan001 bets 363 and is all-in
bois2rose calls 363
*** TURN *** [4d Ad 7c][8h]
*** RIVER *** [4d Ad 7c 8h][Kh]
*** SHOW DOWN ***
dartagnan001 shows [Ks 9h] (One pair : Kings)
bois2rose shows [Jh Ah] (One pair : Aces)
bois2rose collected 8626 from pot
*** SUMMARY ***
Total pot 8626 | No rake
Board: [4d Ad 7c 8h Kh]
Seat 4: dartagnan001 (small blind) showed [Ks 9h] and lost with One pair : Kings
Seat 8: bois2rose showed [Jh Ah] and won 8626 with One pair : Aces


Winamax Poker - Tournament "Qualif. Ticket 3€" buyIn: 0,45€ + 0,05€ level: 13 - HandId: #476033151223726081-75-1425926604 - Holdem no limit (70/300/600) - 2015/03/09 18:43:24 UTC
Table: 'Qualif. Ticket 3€(110835105)#000' 9-max (real money) Seat #4 is the button
Seat 1: alan.gils (15955)
Seat 3: Swed_Mystra (10739)
Seat 5: sabre_laser (13500)
Seat 7: unD3aD (2935)
Seat 8: bois2rose (15003)
Seat 9: Miss.21 (19590)
*** ANTE/BLINDS ***
sabre_laser posts ante 70
unD3aD posts ante 70
alan.gils posts ante 70
Swed_Mystra posts ante 70
bois2rose posts ante 70
Miss.21 posts ante 70
sabre_laser posts small blind 300
unD3aD posts big blind 600
Dealt to sabre_laser [Qh 7h]
*** PRE-FLOP *** 
bois2rose folds
Miss.21 folds
alan.gils raises 1200 to 1800
Swed_Mystra calls 1800
sabre_laser folds
unD3aD folds
*** FLOP *** [2s Jh 2c]
alan.gils bets 14085 and is all-in
Swed_Mystra calls 8869 and is all-in
*** TURN *** [2s Jh 2c][6h]
*** RIVER *** [2s Jh 2c 6h][Kc]
*** SHOW DOWN ***
Swed_Mystra shows [Ah Ad] (Two pairs : Aces and 2)
alan.gils shows [3h 3c] (Two pairs : 3 and 2)
alan.gils collected 5216 from side pot 1
Swed_Mystra collected 22658 from main pot
*** SUMMARY ***
Total pot 27874 | No rake
Board: [2s Jh 2c 6h Kc]
Seat 1: alan.gils showed [3h 3c] and won 5216 with Two pairs : 3 and 2
Seat 3: Swed_Mystra showed [Ah Ad] and won 22658 with Two pairs : Aces and 2


Winamax Poker - Tournament "Qualif. Ticket 3€" buyIn: 0,45€ + 0,05€ level: 13 - HandId: #476033151223726081-76-1425926648 - Holdem no limit (70/300/600) - 2015/03/09 18:44:08 UTC
Table: 'Qualif. Ticket 3€(110835105)#000' 9-max (real money) Seat #5 is the button
Seat 1: alan.gils (5216)
Seat 3: Swed_Mystra (22658)
Seat 5: sabre_laser (13130)
Seat 7: unD3aD (2265)
Seat 8: bois2rose (14933)
Seat 9: Miss.21 (19520)
*** ANTE/BLINDS ***
unD3aD posts ante 70
bois2rose posts ante 70
alan.gils posts ante 70
Swed_Mystra posts ante 70
sabre_laser posts ante 70
Miss.21 posts ante 70
unD3aD posts small blind 300
bois2rose posts big blind 600
Dealt to sabre_laser [6s 2h]
*** PRE-FLOP *** 
Miss.21 folds
alan.gils folds
Swed_Mystra folds
sabre_laser folds
unD3aD folds
bois2rose collected 1320 from pot
*** SUMMARY ***
Total pot 1320 | No rake
Seat 8: bois2rose (big blind) won 1320


Winamax Poker - Tournament "Qualif. Ticket 3€" buyIn: 0,45€ + 0,05€ level: 13 - HandId: #476033151223726081-77-1425926689 - Holdem no limit (70/300/600) - 2015/03/09 18:44:49 UTC
Table: 'Qualif. Ticket 3€(110835105)#000' 9-max (real money) Seat #7 is the button
Seat 1: alan.gils (5146)
Seat 3: Swed_Mystra (22588)
Seat 5: sabre_laser (13060)
Seat 7: unD3aD (1895)
Seat 8: bois2rose (15583)
Seat 9: Miss.21 (19450)
*** ANTE/BLINDS ***
bois2rose posts ante 70
Miss.21 posts ante 70
alan.gils posts ante 70
Swed_Mystra posts ante 70
sabre_laser posts ante 70
unD3aD posts ante 70
bois2rose posts small blind 300
Miss.21 posts big blind 600
Dealt to sabre_laser [Th Qd]
*** PRE-FLOP *** 
alan.gils folds
Swed_Mystra folds
sabre_laser folds
unD3aD raises 1225 to 1825 and is all-in
bois2rose calls 1525
Miss.21 folds
*** FLOP *** [Jd 7h 2h]
*** TURN *** [Jd 7h 2h][Ts]
*** RIVER *** [Jd 7h 2h Ts][5h]
*** SHOW DOWN ***
unD3aD shows [9d 3h] (High card : Jack)
bois2rose shows [Kh 3s] (High card : King)
bois2rose collected 4670 from pot
*** SUMMARY ***
Total pot 4670 | No rake
Board: [Jd 7h 2h Ts 5h]
Seat 7: unD3aD (button) showed [9d 3h] and lost with High card : Jack
Seat 8: bois2rose (small blind) showed [Kh 3s] and won 4670 with High card : King


