Winamax Poker - Tournament "Double or Nothing" buyIn: 0,46€ + 0,04€ level: 0 - HandId: #566813388173213697-1-1443209270 - Holdem no limit (10/20) - 2015/09/25 19:27:50 UTC
Table: 'Double or Nothing(131971526)#0' 10-max (real money) Seat #6 is the button
Seat 1: sabre_laser (1500)
Seat 2: FIFA2015 (1500)
Seat 3: Bikon13 (1500)
Seat 4: kermitt76 (1500)
Seat 5: Donkinou (1500)
Seat 6: AKing-Julien (1500)
Seat 7: tfabalex (1500)
Seat 8: GoldieWilson (1500)
Seat 9: IQTYQ3 (1500)
Seat 10: Calimero053 (1500)
*** ANTE/BLINDS ***
tfabalex posts small blind 10
GoldieWilson posts big blind 20
Dealt to sabre_laser [7d Ts]
*** PRE-FLOP *** 
IQTYQ3 folds
Calimero053 folds
sabre_laser folds
FIFA2015 raises 20 to 40
Bikon13 folds
kermitt76 folds
Donkinou folds
AKing-Julien folds
tfabalex calls 30
GoldieWilson calls 20
*** FLOP *** [9s As 2h]
tfabalex checks
GoldieWilson checks
FIFA2015 bets 201
tfabalex folds
GoldieWilson folds
FIFA2015 collected 321 from pot
*** SUMMARY ***
Total pot 321 | No rake
Board: [9s As 2h]
Seat 2: FIFA2015 won 321


Winamax Poker - Tournament "Double or Nothing" buyIn: 0,46€ + 0,04€ level: 0 - HandId: #566813388173213697-2-1443209395 - Holdem no limit (10/20) - 2015/09/25 19:29:55 UTC
Table: 'Double or Nothing(131971526)#0' 10-max (real money) Seat #7 is the button
Seat 1: sabre_laser (1500)
Seat 2: FIFA2015 (1580)
Seat 3: Bikon13 (1500)
Seat 4: kermitt76 (1500)
Seat 5: Donkinou (1500)
Seat 6: AKing-Julien (1500)
Seat 7: tfabalex (1460)
Seat 8: GoldieWilson (1460)
Seat 9: IQTYQ3 (1500)
Seat 10: Calimero053 (1500)
*** ANTE/BLINDS ***
GoldieWilson posts small blind 10
IQTYQ3 posts big blind 20
Dealt to sabre_laser [7d 2h]
*** PRE-FLOP *** 
Calimero053 folds
sabre_laser folds
FIFA2015 calls 20
Bikon13 folds
kermitt76 folds
Donkinou folds
AKing-Julien calls 20
tfabalex folds
GoldieWilson calls 10
IQTYQ3 checks
*** FLOP *** [6d Kc 7c]
GoldieWilson checks
IQTYQ3 checks
FIFA2015 checks
AKing-Julien checks
*** TURN *** [6d Kc 7c][Ts]
GoldieWilson checks
IQTYQ3 checks
FIFA2015 checks
AKing-Julien checks
*** RIVER *** [6d Kc 7c Ts][Qc]
GoldieWilson bets 80
IQTYQ3 folds
FIFA2015 folds
AKing-Julien folds
GoldieWilson collected 160 from pot
*** SUMMARY ***
Total pot 160 | No rake
Board: [6d Kc 7c Ts Qc]
Seat 8: GoldieWilson (small blind) won 160


Winamax Poker - Tournament "Double or Nothing" buyIn: 0,46€ + 0,04€ level: 0 - HandId: #566813388173213697-3-1443209526 - Holdem no limit (10/20) - 2015/09/25 19:32:06 UTC
Table: 'Double or Nothing(131971526)#0' 10-max (real money) Seat #8 is the button
Seat 1: sabre_laser (1500)
Seat 2: FIFA2015 (1560)
Seat 3: Bikon13 (1500)
Seat 4: kermitt76 (1500)
Seat 5: Donkinou (1500)
Seat 6: AKing-Julien (1480)
Seat 7: tfabalex (1460)
Seat 8: GoldieWilson (1520)
Seat 9: IQTYQ3 (1480)
Seat 10: Calimero053 (1500)
*** ANTE/BLINDS ***
IQTYQ3 posts small blind 10
Calimero053 posts big blind 20
Dealt to sabre_laser [3c 8s]
*** PRE-FLOP *** 
sabre_laser folds
FIFA2015 folds
Bikon13 folds
kermitt76 folds
Donkinou calls 20
AKing-Julien folds
tfabalex calls 20
GoldieWilson calls 20
IQTYQ3 folds
Calimero053 checks
*** FLOP *** [Ad 9h 5d]
Calimero053 checks
Donkinou checks
tfabalex checks
GoldieWilson bets 90
Calimero053 folds
Donkinou calls 90
tfabalex folds
*** TURN *** [Ad 9h 5d][9c]
Donkinou checks
GoldieWilson checks
*** RIVER *** [Ad 9h 5d 9c][4h]
Donkinou checks
GoldieWilson checks
*** SHOW DOWN ***
GoldieWilson shows [Ah 2d] (Two pairs : Aces and 9)
Donkinou shows [As Qh] (Two pairs : Aces and 9)
Donkinou collected 270 from pot
*** SUMMARY ***
Total pot 270 | No rake
Board: [Ad 9h 5d 9c 4h]
Seat 5: Donkinou showed [As Qh] and won 270 with Two pairs : Aces and 9
Seat 8: GoldieWilson (button) showed [Ah 2d] and lost with Two pairs : Aces and 9


Winamax Poker - Tournament "Double or Nothing" buyIn: 0,46€ + 0,04€ level: 1 - HandId: #566813388173213697-4-1443209665 - Holdem no limit (15/30) - 2015/09/25 19:34:25 UTC
Table: 'Double or Nothing(131971526)#0' 10-max (real money) Seat #9 is the button
Seat 1: sabre_laser (1500)
Seat 2: FIFA2015 (1560)
Seat 3: Bikon13 (1500)
Seat 4: kermitt76 (1500)
Seat 5: Donkinou (1660)
Seat 6: AKing-Julien (1480)
Seat 7: tfabalex (1440)
Seat 8: GoldieWilson (1410)
Seat 9: IQTYQ3 (1470)
Seat 10: Calimero053 (1480)
*** ANTE/BLINDS ***
Calimero053 posts small blind 15
sabre_laser posts big blind 30
Dealt to sabre_laser [5c 5d]
*** PRE-FLOP *** 
FIFA2015 calls 30
Bikon13 raises 75 to 105
kermitt76 folds
Donkinou folds
AKing-Julien calls 105
tfabalex folds
GoldieWilson folds
IQTYQ3 folds
Calimero053 raises 1375 to 1480 and is all-in
sabre_laser folds
FIFA2015 folds
Bikon13 folds
AKing-Julien folds
Calimero053 collected 1750 from pot
*** SUMMARY ***
Total pot 1750 | No rake
Seat 10: Calimero053 (small blind) won 1750


Winamax Poker - Tournament "Double or Nothing" buyIn: 0,46€ + 0,04€ level: 1 - HandId: #566813388173213697-5-1443209731 - Holdem no limit (15/30) - 2015/09/25 19:35:31 UTC
Table: 'Double or Nothing(131971526)#0' 10-max (real money) Seat #10 is the button
Seat 1: sabre_laser (1470)
Seat 2: FIFA2015 (1530)
Seat 3: Bikon13 (1395)
Seat 4: kermitt76 (1500)
Seat 5: Donkinou (1660)
Seat 6: AKing-Julien (1375)
Seat 7: tfabalex (1440)
Seat 8: GoldieWilson (1410)
Seat 9: IQTYQ3 (1470)
Seat 10: Calimero053 (1750)
*** ANTE/BLINDS ***
sabre_laser posts small blind 15
FIFA2015 posts big blind 30
Dealt to sabre_laser [9s 3d]
*** PRE-FLOP *** 
Bikon13 folds
kermitt76 raises 50 to 80
Donkinou folds
AKing-Julien folds
tfabalex folds
GoldieWilson calls 80
IQTYQ3 folds
Calimero053 folds
sabre_laser folds
FIFA2015 calls 50
*** FLOP *** [Jh 5h Td]
FIFA2015 checks
kermitt76 bets 170
GoldieWilson folds
FIFA2015 folds
kermitt76 collected 425 from pot
*** SUMMARY ***
Total pot 425 | No rake
Board: [Jh 5h Td]
Seat 4: kermitt76 won 425


Winamax Poker - Tournament "Double or Nothing" buyIn: 0,46€ + 0,04€ level: 1 - HandId: #566813388173213697-6-1443209816 - Holdem no limit (15/30) - 2015/09/25 19:36:56 UTC
Table: 'Double or Nothing(131971526)#0' 10-max (real money) Seat #1 is the button
Seat 1: sabre_laser (1455)
Seat 2: FIFA2015 (1450)
Seat 3: Bikon13 (1395)
Seat 4: kermitt76 (1675)
Seat 5: Donkinou (1660)
Seat 6: AKing-Julien (1375)
Seat 7: tfabalex (1440)
Seat 8: GoldieWilson (1330)
Seat 9: IQTYQ3 (1470)
Seat 10: Calimero053 (1750)
*** ANTE/BLINDS ***
FIFA2015 posts small blind 15
Bikon13 posts big blind 30
Dealt to sabre_laser [9s 5s]
*** PRE-FLOP *** 
kermitt76 folds
Donkinou raises 1630 to 1660 and is all-in
AKing-Julien folds
tfabalex folds
GoldieWilson folds
IQTYQ3 folds
Calimero053 folds
sabre_laser folds
FIFA2015 folds
Bikon13 folds
Donkinou collected 1705 from pot
*** SUMMARY ***
Total pot 1705 | No rake
Seat 5: Donkinou won 1705


Winamax Poker - Tournament "Double or Nothing" buyIn: 0,46€ + 0,04€ level: 1 - HandId: #566813388173213697-7-1443209855 - Holdem no limit (15/30) - 2015/09/25 19:37:35 UTC
Table: 'Double or Nothing(131971526)#0' 10-max (real money) Seat #2 is the button
Seat 1: sabre_laser (1455)
Seat 2: FIFA2015 (1435)
Seat 3: Bikon13 (1365)
Seat 4: kermitt76 (1675)
Seat 5: Donkinou (1705)
Seat 6: AKing-Julien (1375)
Seat 7: tfabalex (1440)
Seat 8: GoldieWilson (1330)
Seat 9: IQTYQ3 (1470)
Seat 10: Calimero053 (1750)
*** ANTE/BLINDS ***
Bikon13 posts small blind 15
kermitt76 posts big blind 30
Dealt to sabre_laser [6c Qd]
*** PRE-FLOP *** 
Donkinou raises 1675 to 1705 and is all-in
AKing-Julien folds
tfabalex folds
GoldieWilson folds
IQTYQ3 folds
Calimero053 folds
sabre_laser folds
FIFA2015 calls 1435 and is all-in
Bikon13 folds
kermitt76 folds
*** FLOP *** [9s 3s Kh]
*** TURN *** [9s 3s Kh][5d]
*** RIVER *** [9s 3s Kh 5d][3c]
*** SHOW DOWN ***
FIFA2015 shows [Qh Kd] (Two pairs : Kings and 3)
Donkinou shows [Ac Ad] (Two pairs : Aces and 3)
Donkinou collected 3185 from pot
*** SUMMARY ***
Total pot 3185 | No rake
Board: [9s 3s Kh 5d 3c]
Seat 2: FIFA2015 (button) showed [Qh Kd] and lost with Two pairs : Kings and 3
Seat 5: Donkinou showed [Ac Ad] and won 3185 with Two pairs : Aces and 3


Winamax Poker - Tournament "Double or Nothing" buyIn: 0,46€ + 0,04€ level: 1 - HandId: #566813388173213697-8-1443209902 - Holdem no limit (15/30) - 2015/09/25 19:38:22 UTC
Table: 'Double or Nothing(131971526)#0' 10-max (real money) Seat #3 is the button
Seat 1: sabre_laser (1455)
Seat 3: Bikon13 (1350)
Seat 4: kermitt76 (1645)
Seat 5: Donkinou (3185)
Seat 6: AKing-Julien (1375)
Seat 7: tfabalex (1440)
Seat 8: GoldieWilson (1330)
Seat 9: IQTYQ3 (1470)
Seat 10: Calimero053 (1750)
*** ANTE/BLINDS ***
kermitt76 posts small blind 15
Donkinou posts big blind 30
Dealt to sabre_laser [5c 3d]
*** PRE-FLOP *** 
AKing-Julien folds
tfabalex calls 30
GoldieWilson folds
IQTYQ3 calls 30
Calimero053 folds
sabre_laser folds
Bikon13 folds
kermitt76 calls 15
Donkinou checks
*** FLOP *** [Tc 8h 4s]
kermitt76 checks
Donkinou checks
tfabalex checks
IQTYQ3 checks
*** TURN *** [Tc 8h 4s][Th]
kermitt76 checks
Donkinou checks
tfabalex checks
IQTYQ3 checks
*** RIVER *** [Tc 8h 4s Th][6d]
kermitt76 checks
Donkinou checks
tfabalex checks
IQTYQ3 checks
*** SHOW DOWN ***
kermitt76 shows [5h 9c] (One pair : Tens)
Donkinou shows [Qc 9d] (One pair : Tens)
tfabalex shows [Ac 7c] (One pair : Tens)
IQTYQ3 shows [Qh Qd] (Two pairs : Queens and Tens)
IQTYQ3 collected 120 from pot
*** SUMMARY ***
Total pot 120 | No rake
Board: [Tc 8h 4s Th 6d]
Seat 4: kermitt76 (small blind) showed [5h 9c] and lost with One pair : Tens
Seat 5: Donkinou (big blind) showed [Qc 9d] and lost with One pair : Tens
Seat 7: tfabalex showed [Ac 7c] and lost with One pair : Tens
Seat 9: IQTYQ3 showed [Qh Qd] and won 120 with Two pairs : Queens and Tens


Winamax Poker - Tournament "Double or Nothing" buyIn: 0,46€ + 0,04€ level: 1 - HandId: #566813388173213697-9-1443209985 - Holdem no limit (15/30) - 2015/09/25 19:39:45 UTC
Table: 'Double or Nothing(131971526)#0' 10-max (real money) Seat #4 is the button
Seat 1: sabre_laser (1455)
Seat 3: Bikon13 (1350)
Seat 4: kermitt76 (1615)
Seat 5: Donkinou (3155)
Seat 6: AKing-Julien (1375)
Seat 7: tfabalex (1410)
Seat 8: GoldieWilson (1330)
Seat 9: IQTYQ3 (1560)
Seat 10: Calimero053 (1750)
*** ANTE/BLINDS ***
Donkinou posts small blind 15
AKing-Julien posts big blind 30
Dealt to sabre_laser [3c 2h]
*** PRE-FLOP *** 
tfabalex folds
GoldieWilson calls 30
IQTYQ3 folds
Calimero053 folds
sabre_laser folds
Bikon13 folds
kermitt76 raises 55 to 85
Donkinou folds
AKing-Julien folds
GoldieWilson calls 55
*** FLOP *** [Kd 7s 8c]
GoldieWilson checks
kermitt76 bets 130
GoldieWilson folds
kermitt76 collected 345 from pot
*** SUMMARY ***
Total pot 345 | No rake
Board: [Kd 7s 8c]
Seat 4: kermitt76 (button) won 345


Winamax Poker - Tournament "Double or Nothing" buyIn: 0,46€ + 0,04€ level: 2 - HandId: #566813388173213697-10-1443210043 - Holdem no limit (20/40) - 2015/09/25 19:40:43 UTC
Table: 'Double or Nothing(131971526)#0' 10-max (real money) Seat #5 is the button
Seat 1: sabre_laser (1455)
Seat 3: Bikon13 (1350)
Seat 4: kermitt76 (1745)
Seat 5: Donkinou (3140)
Seat 6: AKing-Julien (1345)
Seat 7: tfabalex (1410)
Seat 8: GoldieWilson (1245)
Seat 9: IQTYQ3 (1560)
Seat 10: Calimero053 (1750)
*** ANTE/BLINDS ***
AKing-Julien posts small blind 20
tfabalex posts big blind 40
Dealt to sabre_laser [Kd As]
*** PRE-FLOP *** 
GoldieWilson folds
IQTYQ3 folds
Calimero053 folds
sabre_laser raises 120 to 160
Bikon13 folds
kermitt76 folds
Donkinou folds
AKing-Julien folds
tfabalex folds
sabre_laser collected 220 from pot
*** SUMMARY ***
Total pot 220 | No rake
Seat 1: sabre_laser won 220


Winamax Poker - Tournament "Double or Nothing" buyIn: 0,46€ + 0,04€ level: 2 - HandId: #566813388173213697-11-1443210106 - Holdem no limit (20/40) - 2015/09/25 19:41:46 UTC
Table: 'Double or Nothing(131971526)#0' 10-max (real money) Seat #6 is the button
Seat 1: sabre_laser (1515)
Seat 3: Bikon13 (1350)
Seat 4: kermitt76 (1745)
Seat 5: Donkinou (3140)
Seat 6: AKing-Julien (1325)
Seat 7: tfabalex (1370)
Seat 8: GoldieWilson (1245)
Seat 9: IQTYQ3 (1560)
Seat 10: Calimero053 (1750)
*** ANTE/BLINDS ***
tfabalex posts small blind 20
GoldieWilson posts big blind 40
Dealt to sabre_laser [9s 6h]
*** PRE-FLOP *** 
IQTYQ3 folds
Calimero053 folds
sabre_laser folds
Bikon13 folds
kermitt76 folds
Donkinou folds
AKing-Julien calls 40
tfabalex raises 1330 to 1370 and is all-in
GoldieWilson folds
AKing-Julien folds
tfabalex collected 1450 from pot
*** SUMMARY ***
Total pot 1450 | No rake
Seat 7: tfabalex (small blind) won 1450


Winamax Poker - Tournament "Double or Nothing" buyIn: 0,46€ + 0,04€ level: 2 - HandId: #566813388173213697-12-1443210150 - Holdem no limit (20/40) - 2015/09/25 19:42:30 UTC
Table: 'Double or Nothing(131971526)#0' 10-max (real money) Seat #7 is the button
Seat 1: sabre_laser (1515)
Seat 3: Bikon13 (1350)
Seat 4: kermitt76 (1745)
Seat 5: Donkinou (3140)
Seat 6: AKing-Julien (1285)
Seat 7: tfabalex (1450)
Seat 8: GoldieWilson (1205)
Seat 9: IQTYQ3 (1560)
Seat 10: Calimero053 (1750)
*** ANTE/BLINDS ***
GoldieWilson posts small blind 20
IQTYQ3 posts big blind 40
Dealt to sabre_laser [6d 4c]
*** PRE-FLOP *** 
Calimero053 raises 160 to 200
sabre_laser folds
Bikon13 folds
kermitt76 folds
Donkinou folds
AKing-Julien folds
tfabalex folds
GoldieWilson folds
IQTYQ3 folds
Calimero053 collected 260 from pot
*** SUMMARY ***
Total pot 260 | No rake
Seat 10: Calimero053 won 260


Winamax Poker - Tournament "Double or Nothing" buyIn: 0,46€ + 0,04€ level: 2 - HandId: #566813388173213697-13-1443210192 - Holdem no limit (20/40) - 2015/09/25 19:43:12 UTC
Table: 'Double or Nothing(131971526)#0' 10-max (real money) Seat #8 is the button
Seat 1: sabre_laser (1515)
Seat 3: Bikon13 (1350)
Seat 4: kermitt76 (1745)
Seat 5: Donkinou (3140)
Seat 6: AKing-Julien (1285)
Seat 7: tfabalex (1450)
Seat 8: GoldieWilson (1185)
Seat 9: IQTYQ3 (1520)
Seat 10: Calimero053 (1810)
*** ANTE/BLINDS ***
IQTYQ3 posts small blind 20
Calimero053 posts big blind 40
Dealt to sabre_laser [Ks Kd]
*** PRE-FLOP *** 
sabre_laser raises 80 to 120
Bikon13 folds
kermitt76 folds
Donkinou folds
AKing-Julien folds
tfabalex folds
GoldieWilson folds
IQTYQ3 folds
Calimero053 calls 80
*** FLOP *** [3d Qh Jc]
Calimero053 checks
sabre_laser bets 80
Calimero053 folds
sabre_laser collected 340 from pot
*** SUMMARY ***
Total pot 340 | No rake
Board: [3d Qh Jc]
Seat 1: sabre_laser won 340


Winamax Poker - Tournament "Double or Nothing" buyIn: 0,46€ + 0,04€ level: 2 - HandId: #566813388173213697-14-1443210235 - Holdem no limit (20/40) - 2015/09/25 19:43:55 UTC
Table: 'Double or Nothing(131971526)#0' 10-max (real money) Seat #9 is the button
Seat 1: sabre_laser (1655)
Seat 3: Bikon13 (1350)
Seat 4: kermitt76 (1745)
Seat 5: Donkinou (3140)
Seat 6: AKing-Julien (1285)
Seat 7: tfabalex (1450)
Seat 8: GoldieWilson (1185)
Seat 9: IQTYQ3 (1500)
Seat 10: Calimero053 (1690)
*** ANTE/BLINDS ***
Calimero053 posts small blind 20
sabre_laser posts big blind 40
Dealt to sabre_laser [Qc 9c]
*** PRE-FLOP *** 
Bikon13 folds
kermitt76 folds
Donkinou folds
AKing-Julien folds
tfabalex folds
GoldieWilson folds
IQTYQ3 folds
Calimero053 folds
sabre_laser collected 60 from pot
*** SUMMARY ***
Total pot 60 | No rake
Seat 1: sabre_laser (big blind) won 60


Winamax Poker - Tournament "Double or Nothing" buyIn: 0,46€ + 0,04€ level: 2 - HandId: #566813388173213697-15-1443210269 - Holdem no limit (20/40) - 2015/09/25 19:44:29 UTC
Table: 'Double or Nothing(131971526)#0' 10-max (real money) Seat #10 is the button
Seat 1: sabre_laser (1675)
Seat 3: Bikon13 (1350)
Seat 4: kermitt76 (1745)
Seat 5: Donkinou (3140)
Seat 6: AKing-Julien (1285)
Seat 7: tfabalex (1450)
Seat 8: GoldieWilson (1185)
Seat 9: IQTYQ3 (1500)
Seat 10: Calimero053 (1670)
*** ANTE/BLINDS ***
sabre_laser posts small blind 20
Bikon13 posts big blind 40
Dealt to sabre_laser [Ts 7c]
*** PRE-FLOP *** 
kermitt76 folds
Donkinou folds
AKing-Julien folds
tfabalex folds
GoldieWilson calls 40
IQTYQ3 folds
Calimero053 calls 40
sabre_laser calls 20
Bikon13 checks
*** FLOP *** [Kc Ks 3s]
sabre_laser checks
Bikon13 checks
GoldieWilson checks
Calimero053 checks
*** TURN *** [Kc Ks 3s][9s]
sabre_laser bets 160
Bikon13 folds
GoldieWilson folds
Calimero053 folds
sabre_laser collected 320 from pot
*** SUMMARY ***
Total pot 320 | No rake
Board: [Kc Ks 3s 9s]
Seat 1: sabre_laser (small blind) won 320


Winamax Poker - Tournament "Double or Nothing" buyIn: 0,46€ + 0,04€ level: 3 - HandId: #566813388173213697-16-1443210360 - Holdem no limit (30/60) - 2015/09/25 19:46:00 UTC
Table: 'Double or Nothing(131971526)#0' 10-max (real money) Seat #1 is the button
Seat 1: sabre_laser (1795)
Seat 3: Bikon13 (1310)
Seat 4: kermitt76 (1745)
Seat 5: Donkinou (3140)
Seat 6: AKing-Julien (1285)
Seat 7: tfabalex (1450)
Seat 8: GoldieWilson (1145)
Seat 9: IQTYQ3 (1500)
Seat 10: Calimero053 (1630)
*** ANTE/BLINDS ***
Bikon13 posts small blind 30
kermitt76 posts big blind 60
Dealt to sabre_laser [Kh 5c]
*** PRE-FLOP *** 
Donkinou calls 60
AKing-Julien calls 60
tfabalex folds
GoldieWilson folds
IQTYQ3 folds
Calimero053 calls 60
sabre_laser folds
Bikon13 folds
kermitt76 checks
*** FLOP *** [5h 4s 6d]
kermitt76 checks
Donkinou checks
AKing-Julien checks
Calimero053 checks
*** TURN *** [5h 4s 6d][Ac]
kermitt76 checks
Donkinou checks
AKing-Julien checks
Calimero053 checks
*** RIVER *** [5h 4s 6d Ac][3d]
kermitt76 bets 185
Donkinou folds
AKing-Julien folds
Calimero053 folds
kermitt76 collected 455 from pot
*** SUMMARY ***
Total pot 455 | No rake
Board: [5h 4s 6d Ac 3d]
Seat 4: kermitt76 (big blind) won 455


Winamax Poker - Tournament "Double or Nothing" buyIn: 0,46€ + 0,04€ level: 3 - HandId: #566813388173213697-17-1443210443 - Holdem no limit (30/60) - 2015/09/25 19:47:23 UTC
Table: 'Double or Nothing(131971526)#0' 10-max (real money) Seat #3 is the button
Seat 1: sabre_laser (1795)
Seat 3: Bikon13 (1280)
Seat 4: kermitt76 (1955)
Seat 5: Donkinou (3080)
Seat 6: AKing-Julien (1225)
Seat 7: tfabalex (1450)
Seat 8: GoldieWilson (1145)
Seat 9: IQTYQ3 (1500)
Seat 10: Calimero053 (1570)
*** ANTE/BLINDS ***
kermitt76 posts small blind 30
Donkinou posts big blind 60
Dealt to sabre_laser [4s Jc]
*** PRE-FLOP *** 
AKing-Julien raises 120 to 180
tfabalex folds
GoldieWilson folds
IQTYQ3 folds
Calimero053 raises 1390 to 1570 and is all-in
sabre_laser folds
Bikon13 folds
kermitt76 folds
Donkinou folds
AKing-Julien calls 1045 and is all-in
*** FLOP *** [8c Qs 9s]
*** TURN *** [8c Qs 9s][Th]
*** RIVER *** [8c Qs 9s Th][3d]
*** SHOW DOWN ***
AKing-Julien shows [As 6s] (High card : Ace)
Calimero053 shows [Kc Ad] (High card : Ace)
Calimero053 collected 2885 from pot
*** SUMMARY ***
Total pot 2885 | No rake
Board: [8c Qs 9s Th 3d]
Seat 6: AKing-Julien showed [As 6s] and lost with High card : Ace
Seat 10: Calimero053 showed [Kc Ad] and won 2885 with High card : Ace


Winamax Poker - Tournament "Double or Nothing" buyIn: 0,46€ + 0,04€ level: 3 - HandId: #566813388173213697-18-1443210492 - Holdem no limit (30/60) - 2015/09/25 19:48:12 UTC
Table: 'Double or Nothing(131971526)#0' 10-max (real money) Seat #4 is the button
Seat 1: sabre_laser (1795)
Seat 3: Bikon13 (1280)
Seat 4: kermitt76 (1925)
Seat 5: Donkinou (3020)
Seat 7: tfabalex (1450)
Seat 8: GoldieWilson (1145)
Seat 9: IQTYQ3 (1500)
Seat 10: Calimero053 (2885)
*** ANTE/BLINDS ***
Donkinou posts small blind 30
tfabalex posts big blind 60
Dealt to sabre_laser [Qd 5h]
*** PRE-FLOP *** 
GoldieWilson folds
IQTYQ3 folds
Calimero053 calls 60
sabre_laser folds
Bikon13 folds
kermitt76 folds
Donkinou folds
tfabalex checks
*** FLOP *** [Ad 9s 3d]
tfabalex checks
Calimero053 checks
*** TURN *** [Ad 9s 3d][6c]
tfabalex checks
Calimero053 checks
*** RIVER *** [Ad 9s 3d 6c][Qc]
tfabalex checks
Calimero053 checks
*** SHOW DOWN ***
Calimero053 shows [8d Td] (High card : Ace)
tfabalex shows [7h 3s] (One pair : 3)
tfabalex collected 150 from pot
*** SUMMARY ***
Total pot 150 | No rake
Board: [Ad 9s 3d 6c Qc]
Seat 7: tfabalex (big blind) showed [7h 3s] and won 150 with One pair : 3
Seat 10: Calimero053 showed [8d Td] and lost with High card : Ace


Winamax Poker - Tournament "Double or Nothing" buyIn: 0,46€ + 0,04€ level: 3 - HandId: #566813388173213697-19-1443210536 - Holdem no limit (30/60) - 2015/09/25 19:48:56 UTC
Table: 'Double or Nothing(131971526)#0' 10-max (real money) Seat #5 is the button
Seat 1: sabre_laser (1795)
Seat 3: Bikon13 (1280)
Seat 4: kermitt76 (1925)
Seat 5: Donkinou (2990)
Seat 7: tfabalex (1540)
Seat 8: GoldieWilson (1145)
Seat 9: IQTYQ3 (1500)
Seat 10: Calimero053 (2825)
*** ANTE/BLINDS ***
tfabalex posts small blind 30
GoldieWilson posts big blind 60
Dealt to sabre_laser [6d Td]
*** PRE-FLOP *** 
IQTYQ3 folds
Calimero053 folds
sabre_laser folds
Bikon13 folds
kermitt76 folds
Donkinou folds
tfabalex folds
GoldieWilson collected 90 from pot
*** SUMMARY ***
Total pot 90 | No rake
Seat 8: GoldieWilson (big blind) won 90


Winamax Poker - Tournament "Double or Nothing" buyIn: 0,46€ + 0,04€ level: 3 - HandId: #566813388173213697-20-1443210560 - Holdem no limit (30/60) - 2015/09/25 19:49:20 UTC
Table: 'Double or Nothing(131971526)#0' 10-max (real money) Seat #7 is the button
Seat 1: sabre_laser (1795)
Seat 3: Bikon13 (1280)
Seat 4: kermitt76 (1925)
Seat 5: Donkinou (2990)
Seat 7: tfabalex (1510)
Seat 8: GoldieWilson (1175)
Seat 9: IQTYQ3 (1500)
Seat 10: Calimero053 (2825)
*** ANTE/BLINDS ***
GoldieWilson posts small blind 30
IQTYQ3 posts big blind 60
Dealt to sabre_laser [Ks 9d]
*** PRE-FLOP *** 
Calimero053 folds
sabre_laser raises 90 to 150
Bikon13 folds
kermitt76 calls 150
Donkinou folds
tfabalex folds
GoldieWilson calls 120
IQTYQ3 folds
*** FLOP *** [8s 4h Js]
GoldieWilson checks
sabre_laser bets 330
kermitt76 calls 330
GoldieWilson folds
*** TURN *** [8s 4h Js][6c]
sabre_laser checks
kermitt76 bets 745
sabre_laser folds
kermitt76 collected 1915 from pot
*** SUMMARY ***
Total pot 1915 | No rake
Board: [8s 4h Js 6c]
Seat 4: kermitt76 won 1915


Winamax Poker - Tournament "Double or Nothing" buyIn: 0,46€ + 0,04€ level: 3 - HandId: #566813388173213697-21-1443210685 - Holdem no limit (30/60) - 2015/09/25 19:51:25 UTC
Table: 'Double or Nothing(131971526)#0' 10-max (real money) Seat #8 is the button
Seat 1: sabre_laser (1315)
Seat 3: Bikon13 (1280)
Seat 4: kermitt76 (2615)
Seat 5: Donkinou (2990)
Seat 7: tfabalex (1510)
Seat 8: GoldieWilson (1025)
Seat 9: IQTYQ3 (1440)
Seat 10: Calimero053 (2825)
*** ANTE/BLINDS ***
IQTYQ3 posts small blind 30
Calimero053 posts big blind 60
Dealt to sabre_laser [Js Th]
*** PRE-FLOP *** 
sabre_laser folds
Bikon13 folds
kermitt76 raises 105 to 165
Donkinou folds
tfabalex folds
GoldieWilson raises 860 to 1025 and is all-in
IQTYQ3 folds
Calimero053 folds
kermitt76 folds
GoldieWilson collected 1280 from pot
*** SUMMARY ***
Total pot 1280 | No rake
Seat 8: GoldieWilson (button) won 1280


Winamax Poker - Tournament "Double or Nothing" buyIn: 0,46€ + 0,04€ level: 4 - HandId: #566813388173213697-22-1443210731 - Holdem no limit (40/80) - 2015/09/25 19:52:11 UTC
Table: 'Double or Nothing(131971526)#0' 10-max (real money) Seat #9 is the button
Seat 1: sabre_laser (1315)
Seat 3: Bikon13 (1280)
Seat 4: kermitt76 (2450)
Seat 5: Donkinou (2990)
Seat 7: tfabalex (1510)
Seat 8: GoldieWilson (1280)
Seat 9: IQTYQ3 (1410)
Seat 10: Calimero053 (2765)
*** ANTE/BLINDS ***
Calimero053 posts small blind 40
sabre_laser posts big blind 80
Dealt to sabre_laser [Qd 5c]
*** PRE-FLOP *** 
Bikon13 folds
kermitt76 raises 100 to 180
Donkinou folds
tfabalex folds
GoldieWilson folds
IQTYQ3 folds
Calimero053 folds
sabre_laser folds
kermitt76 collected 300 from pot
*** SUMMARY ***
Total pot 300 | No rake
Seat 4: kermitt76 won 300


Winamax Poker - Tournament "Double or Nothing" buyIn: 0,46€ + 0,04€ level: 4 - HandId: #566813388173213697-23-1443210771 - Holdem no limit (40/80) - 2015/09/25 19:52:51 UTC
Table: 'Double or Nothing(131971526)#0' 10-max (real money) Seat #10 is the button
Seat 1: sabre_laser (1235)
Seat 3: Bikon13 (1280)
Seat 4: kermitt76 (2570)
Seat 5: Donkinou (2990)
Seat 7: tfabalex (1510)
Seat 8: GoldieWilson (1280)
Seat 9: IQTYQ3 (1410)
Seat 10: Calimero053 (2725)
*** ANTE/BLINDS ***
sabre_laser posts small blind 40
Bikon13 posts big blind 80
Dealt to sabre_laser [8c Qh]
*** PRE-FLOP *** 
kermitt76 folds
Donkinou folds
tfabalex folds
GoldieWilson calls 80
IQTYQ3 folds
Calimero053 folds
sabre_laser calls 40
Bikon13 checks
*** FLOP *** [2h 9c 5h]
sabre_laser checks
Bikon13 bets 120
GoldieWilson calls 120
sabre_laser folds
*** TURN *** [2h 9c 5h][4s]
Bikon13 checks
GoldieWilson bets 240
Bikon13 raises 840 to 1080 and is all-in
GoldieWilson calls 840 and is all-in
*** RIVER *** [2h 9c 5h 4s][4c]
*** SHOW DOWN ***
GoldieWilson shows [5s 8s] (Two pairs : 5 and 4)
Bikon13 shows [Kc 9d] (Two pairs : 9 and 4)
Bikon13 collected 2640 from pot
*** SUMMARY ***
Total pot 2640 | No rake
Board: [2h 9c 5h 4s 4c]
Seat 3: Bikon13 (big blind) showed [Kc 9d] and won 2640 with Two pairs : 9 and 4
Seat 8: GoldieWilson showed [5s 8s] and lost with Two pairs : 5 and 4


Winamax Poker - Tournament "Double or Nothing" buyIn: 0,46€ + 0,04€ level: 4 - HandId: #566813388173213697-24-1443210852 - Holdem no limit (40/80) - 2015/09/25 19:54:12 UTC
Table: 'Double or Nothing(131971526)#0' 10-max (real money) Seat #1 is the button
Seat 1: sabre_laser (1155)
Seat 3: Bikon13 (2640)
Seat 4: kermitt76 (2570)
Seat 5: Donkinou (2990)
Seat 7: tfabalex (1510)
Seat 9: IQTYQ3 (1410)
Seat 10: Calimero053 (2725)
*** ANTE/BLINDS ***
Bikon13 posts small blind 40
kermitt76 posts big blind 80
Dealt to sabre_laser [5c 9c]
*** PRE-FLOP *** 
Donkinou folds
tfabalex folds
IQTYQ3 folds
Calimero053 folds
sabre_laser folds
Bikon13 folds
kermitt76 collected 120 from pot
*** SUMMARY ***
Total pot 120 | No rake
Seat 4: kermitt76 (big blind) won 120


Winamax Poker - Tournament "Double or Nothing" buyIn: 0,46€ + 0,04€ level: 4 - HandId: #566813388173213697-25-1443210884 - Holdem no limit (40/80) - 2015/09/25 19:54:44 UTC
Table: 'Double or Nothing(131971526)#0' 10-max (real money) Seat #3 is the button
Seat 1: sabre_laser (1155)
Seat 3: Bikon13 (2600)
Seat 4: kermitt76 (2610)
Seat 5: Donkinou (2990)
Seat 7: tfabalex (1510)
Seat 9: IQTYQ3 (1410)
Seat 10: Calimero053 (2725)
*** ANTE/BLINDS ***
kermitt76 posts small blind 40
Donkinou posts big blind 80
Dealt to sabre_laser [Th Ks]
*** PRE-FLOP *** 
tfabalex folds
IQTYQ3 folds
Calimero053 folds
sabre_laser folds
Bikon13 folds
kermitt76 calls 40
Donkinou checks
*** FLOP *** [8h 5d Ad]
kermitt76 bets 80
Donkinou folds
kermitt76 collected 240 from pot
*** SUMMARY ***
Total pot 240 | No rake
Board: [8h 5d Ad]
Seat 4: kermitt76 (small blind) won 240


Winamax Poker - Tournament "Double or Nothing" buyIn: 0,46€ + 0,04€ level: 4 - HandId: #566813388173213697-26-1443210918 - Holdem no limit (40/80) - 2015/09/25 19:55:18 UTC
Table: 'Double or Nothing(131971526)#0' 10-max (real money) Seat #4 is the button
Seat 1: sabre_laser (1155)
Seat 3: Bikon13 (2600)
Seat 4: kermitt76 (2690)
Seat 5: Donkinou (2910)
Seat 7: tfabalex (1510)
Seat 9: IQTYQ3 (1410)
Seat 10: Calimero053 (2725)
*** ANTE/BLINDS ***
Donkinou posts small blind 40
tfabalex posts big blind 80
Dealt to sabre_laser [Jd Kh]
*** PRE-FLOP *** 
IQTYQ3 folds
Calimero053 folds
sabre_laser raises 120 to 200
Bikon13 folds
kermitt76 folds
Donkinou raises 2710 to 2910 and is all-in
tfabalex folds
sabre_laser folds
Donkinou collected 3190 from pot
*** SUMMARY ***
Total pot 3190 | No rake
Seat 5: Donkinou (small blind) won 3190


Winamax Poker - Tournament "Double or Nothing" buyIn: 0,46€ + 0,04€ level: 4 - HandId: #566813388173213697-27-1443210973 - Holdem no limit (40/80) - 2015/09/25 19:56:13 UTC
Table: 'Double or Nothing(131971526)#0' 10-max (real money) Seat #5 is the button
Seat 1: sabre_laser (955)
Seat 3: Bikon13 (2600)
Seat 4: kermitt76 (2690)
Seat 5: Donkinou (3190)
Seat 7: tfabalex (1430)
Seat 9: IQTYQ3 (1410)
Seat 10: Calimero053 (2725)
*** ANTE/BLINDS ***
tfabalex posts small blind 40
IQTYQ3 posts big blind 80
Dealt to sabre_laser [6h 5s]
*** PRE-FLOP *** 
Calimero053 folds
sabre_laser folds
Bikon13 folds
kermitt76 folds
Donkinou folds
tfabalex folds
IQTYQ3 collected 120 from pot
*** SUMMARY ***
Total pot 120 | No rake
Seat 9: IQTYQ3 (big blind) won 120


Winamax Poker - Tournament "Double or Nothing" buyIn: 0,46€ + 0,04€ level: 4 - HandId: #566813388173213697-28-1443211012 - Holdem no limit (40/80) - 2015/09/25 19:56:52 UTC
Table: 'Double or Nothing(131971526)#0' 10-max (real money) Seat #7 is the button
Seat 1: sabre_laser (955)
Seat 3: Bikon13 (2600)
Seat 4: kermitt76 (2690)
Seat 5: Donkinou (3190)
Seat 7: tfabalex (1390)
Seat 9: IQTYQ3 (1450)
Seat 10: Calimero053 (2725)
*** ANTE/BLINDS ***
IQTYQ3 posts small blind 40
Calimero053 posts big blind 80
Dealt to sabre_laser [9d 3h]
*** PRE-FLOP *** 
sabre_laser folds
Bikon13 folds
kermitt76 folds
Donkinou folds
tfabalex folds
IQTYQ3 folds
Calimero053 collected 120 from pot
*** SUMMARY ***
Total pot 120 | No rake
Seat 10: Calimero053 (big blind) won 120


Winamax Poker - Tournament "Double or Nothing" buyIn: 0,46€ + 0,04€ level: 4 - HandId: #566813388173213697-29-1443211032 - Holdem no limit (40/80) - 2015/09/25 19:57:12 UTC
Table: 'Double or Nothing(131971526)#0' 10-max (real money) Seat #9 is the button
Seat 1: sabre_laser (955)
Seat 3: Bikon13 (2600)
Seat 4: kermitt76 (2690)
Seat 5: Donkinou (3190)
Seat 7: tfabalex (1390)
Seat 9: IQTYQ3 (1410)
Seat 10: Calimero053 (2765)
*** ANTE/BLINDS ***
Calimero053 posts small blind 40
sabre_laser posts big blind 80
Dealt to sabre_laser [Qc 8c]
*** PRE-FLOP *** 
Bikon13 calls 80
kermitt76 folds
Donkinou folds
tfabalex folds
IQTYQ3 folds
Calimero053 folds
sabre_laser checks
*** FLOP *** [9h 7c 5d]
sabre_laser checks
Bikon13 bets 133
sabre_laser folds
Bikon13 collected 333 from pot
*** SUMMARY ***
Total pot 333 | No rake
Board: [9h 7c 5d]
Seat 3: Bikon13 won 333


Winamax Poker - Tournament "Double or Nothing" buyIn: 0,46€ + 0,04€ level: 5 - HandId: #566813388173213697-30-1443211070 - Holdem no limit (60/120) - 2015/09/25 19:57:50 UTC
Table: 'Double or Nothing(131971526)#0' 10-max (real money) Seat #10 is the button
Seat 1: sabre_laser (875)
Seat 3: Bikon13 (2720)
Seat 4: kermitt76 (2690)
Seat 5: Donkinou (3190)
Seat 7: tfabalex (1390)
Seat 9: IQTYQ3 (1410)
Seat 10: Calimero053 (2725)
*** ANTE/BLINDS ***
sabre_laser posts small blind 60
Bikon13 posts big blind 120
Dealt to sabre_laser [6h 9h]
*** PRE-FLOP *** 
kermitt76 folds
Donkinou raises 120 to 240
tfabalex folds
IQTYQ3 folds
Calimero053 folds
sabre_laser folds
Bikon13 folds
Donkinou collected 420 from pot
*** SUMMARY ***
Total pot 420 | No rake
Seat 5: Donkinou won 420


Winamax Poker - Tournament "Double or Nothing" buyIn: 0,46€ + 0,04€ level: 5 - HandId: #566813388173213697-31-1443211099 - Holdem no limit (60/120) - 2015/09/25 19:58:19 UTC
Table: 'Double or Nothing(131971526)#0' 10-max (real money) Seat #1 is the button
Seat 1: sabre_laser (815)
Seat 3: Bikon13 (2600)
Seat 4: kermitt76 (2690)
Seat 5: Donkinou (3370)
Seat 7: tfabalex (1390)
Seat 9: IQTYQ3 (1410)
Seat 10: Calimero053 (2725)
*** ANTE/BLINDS ***
Bikon13 posts small blind 60
kermitt76 posts big blind 120
Dealt to sabre_laser [2s 8h]
*** PRE-FLOP *** 
Donkinou folds
tfabalex folds
IQTYQ3 folds
Calimero053 folds
sabre_laser folds
Bikon13 folds
kermitt76 collected 180 from pot
*** SUMMARY ***
Total pot 180 | No rake
Seat 4: kermitt76 (big blind) won 180


Winamax Poker - Tournament "Double or Nothing" buyIn: 0,46€ + 0,04€ level: 5 - HandId: #566813388173213697-32-1443211147 - Holdem no limit (60/120) - 2015/09/25 19:59:07 UTC
Table: 'Double or Nothing(131971526)#0' 10-max (real money) Seat #3 is the button
Seat 1: sabre_laser (815)
Seat 3: Bikon13 (2540)
Seat 4: kermitt76 (2750)
Seat 5: Donkinou (3370)
Seat 7: tfabalex (1390)
Seat 9: IQTYQ3 (1410)
Seat 10: Calimero053 (2725)
*** ANTE/BLINDS ***
kermitt76 posts small blind 60
Donkinou posts big blind 120
Dealt to sabre_laser [3h 6c]
*** PRE-FLOP *** 
tfabalex folds
IQTYQ3 folds
Calimero053 folds
sabre_laser folds
Bikon13 folds
kermitt76 raises 130 to 250
Donkinou folds
kermitt76 collected 370 from pot
*** SUMMARY ***
Total pot 370 | No rake
Seat 4: kermitt76 (small blind) won 370


Winamax Poker - Tournament "Double or Nothing" buyIn: 0,46€ + 0,04€ level: 5 - HandId: #566813388173213697-33-1443211182 - Holdem no limit (60/120) - 2015/09/25 19:59:42 UTC
Table: 'Double or Nothing(131971526)#0' 10-max (real money) Seat #4 is the button
Seat 1: sabre_laser (815)
Seat 3: Bikon13 (2540)
Seat 4: kermitt76 (2870)
Seat 5: Donkinou (3250)
Seat 7: tfabalex (1390)
Seat 9: IQTYQ3 (1410)
Seat 10: Calimero053 (2725)
*** ANTE/BLINDS ***
Donkinou posts small blind 60
tfabalex posts big blind 120
Dealt to sabre_laser [5c Kc]
*** PRE-FLOP *** 
IQTYQ3 folds
Calimero053 folds
sabre_laser folds
Bikon13 folds
kermitt76 raises 150 to 270
Donkinou folds
tfabalex folds
kermitt76 collected 450 from pot
*** SUMMARY ***
Total pot 450 | No rake
Seat 4: kermitt76 (button) won 450


Winamax Poker - Tournament "Double or Nothing" buyIn: 0,46€ + 0,04€ level: 5 - HandId: #566813388173213697-34-1443211214 - Holdem no limit (60/120) - 2015/09/25 20:00:14 UTC
Table: 'Double or Nothing(131971526)#0' 10-max (real money) Seat #5 is the button
Seat 1: sabre_laser (815)
Seat 3: Bikon13 (2540)
Seat 4: kermitt76 (3050)
Seat 5: Donkinou (3190)
Seat 7: tfabalex (1270)
Seat 9: IQTYQ3 (1410)
Seat 10: Calimero053 (2725)
*** ANTE/BLINDS ***
tfabalex posts small blind 60
IQTYQ3 posts big blind 120
Dealt to sabre_laser [Qh Qs]
*** PRE-FLOP *** 
Calimero053 folds
sabre_laser raises 695 to 815 and is all-in
Bikon13 folds
kermitt76 folds
Donkinou folds
tfabalex folds
IQTYQ3 folds
sabre_laser collected 995 from pot
*** SUMMARY ***
Total pot 995 | No rake
Seat 1: sabre_laser won 995


Winamax Poker - Tournament "Double or Nothing" buyIn: 0,46€ + 0,04€ level: 5 - HandId: #566813388173213697-35-1443211271 - Holdem no limit (60/120) - 2015/09/25 20:01:11 UTC
Table: 'Double or Nothing(131971526)#0' 10-max (real money) Seat #7 is the button
Seat 1: sabre_laser (995)
Seat 3: Bikon13 (2540)
Seat 4: kermitt76 (3050)
Seat 5: Donkinou (3190)
Seat 7: tfabalex (1210)
Seat 9: IQTYQ3 (1290)
Seat 10: Calimero053 (2725)
*** ANTE/BLINDS ***
IQTYQ3 posts small blind 60
Calimero053 posts big blind 120
Dealt to sabre_laser [Js 7c]
*** PRE-FLOP *** 
sabre_laser folds
Bikon13 folds
kermitt76 folds
Donkinou folds
tfabalex folds
IQTYQ3 folds
Calimero053 collected 180 from pot
*** SUMMARY ***
Total pot 180 | No rake
Seat 10: Calimero053 (big blind) won 180


Winamax Poker - Tournament "Double or Nothing" buyIn: 0,46€ + 0,04€ level: 5 - HandId: #566813388173213697-36-1443211296 - Holdem no limit (60/120) - 2015/09/25 20:01:36 UTC
Table: 'Double or Nothing(131971526)#0' 10-max (real money) Seat #9 is the button
Seat 1: sabre_laser (995)
Seat 3: Bikon13 (2540)
Seat 4: kermitt76 (3050)
Seat 5: Donkinou (3190)
Seat 7: tfabalex (1210)
Seat 9: IQTYQ3 (1230)
Seat 10: Calimero053 (2785)
*** ANTE/BLINDS ***
Calimero053 posts small blind 60
sabre_laser posts big blind 120
Dealt to sabre_laser [Kh 3c]
*** PRE-FLOP *** 
Bikon13 folds
kermitt76 folds
Donkinou folds
tfabalex folds
IQTYQ3 folds
Calimero053 folds
sabre_laser collected 180 from pot
*** SUMMARY ***
Total pot 180 | No rake
Seat 1: sabre_laser (big blind) won 180


Winamax Poker - Tournament "Double or Nothing" buyIn: 0,46€ + 0,04€ level: 5 - HandId: #566813388173213697-37-1443211325 - Holdem no limit (60/120) - 2015/09/25 20:02:05 UTC
Table: 'Double or Nothing(131971526)#0' 10-max (real money) Seat #10 is the button
Seat 1: sabre_laser (1055)
Seat 3: Bikon13 (2540)
Seat 4: kermitt76 (3050)
Seat 5: Donkinou (3190)
Seat 7: tfabalex (1210)
Seat 9: IQTYQ3 (1230)
Seat 10: Calimero053 (2725)
*** ANTE/BLINDS ***
sabre_laser posts small blind 60
Bikon13 posts big blind 120
Dealt to sabre_laser [5h 3c]
*** PRE-FLOP *** 
kermitt76 folds
Donkinou folds
tfabalex folds
IQTYQ3 folds
Calimero053 calls 120
sabre_laser folds
Bikon13 checks
*** FLOP *** [Ah 6c Qh]
Bikon13 checks
Calimero053 checks
*** TURN *** [Ah 6c Qh][Ts]
Bikon13 checks
Calimero053 bets 120
Bikon13 folds
Calimero053 collected 420 from pot
*** SUMMARY ***
Total pot 420 | No rake
Board: [Ah 6c Qh Ts]
Seat 10: Calimero053 (button) won 420


Winamax Poker - Tournament "Double or Nothing" buyIn: 0,46€ + 0,04€ level: 5 - HandId: #566813388173213697-38-1443211390 - Holdem no limit (60/120) - 2015/09/25 20:03:10 UTC
Table: 'Double or Nothing(131971526)#0' 10-max (real money) Seat #1 is the button
Seat 1: sabre_laser (995)
Seat 3: Bikon13 (2420)
Seat 4: kermitt76 (3050)
Seat 5: Donkinou (3190)
Seat 7: tfabalex (1210)
Seat 9: IQTYQ3 (1230)
Seat 10: Calimero053 (2905)
*** ANTE/BLINDS ***
Bikon13 posts small blind 60
kermitt76 posts big blind 120
Dealt to sabre_laser [5c 7c]
*** PRE-FLOP *** 
Donkinou folds
tfabalex folds
IQTYQ3 folds
Calimero053 folds
sabre_laser folds
Bikon13 folds
kermitt76 collected 180 from pot
*** SUMMARY ***
Total pot 180 | No rake
Seat 4: kermitt76 (big blind) won 180


Winamax Poker - Tournament "Double or Nothing" buyIn: 0,46€ + 0,04€ level: 5 - HandId: #566813388173213697-39-1443211419 - Holdem no limit (60/120) - 2015/09/25 20:03:39 UTC
Table: 'Double or Nothing(131971526)#0' 10-max (real money) Seat #3 is the button
Seat 1: sabre_laser (995)
Seat 3: Bikon13 (2360)
Seat 4: kermitt76 (3110)
Seat 5: Donkinou (3190)
Seat 7: tfabalex (1210)
Seat 9: IQTYQ3 (1230)
Seat 10: Calimero053 (2905)
*** ANTE/BLINDS ***
kermitt76 posts small blind 60
Donkinou posts big blind 120
Dealt to sabre_laser [Js 3d]
*** PRE-FLOP *** 
tfabalex folds
IQTYQ3 folds
Calimero053 folds
sabre_laser folds
Bikon13 folds
kermitt76 folds
Donkinou collected 180 from pot
*** SUMMARY ***
Total pot 180 | No rake
Seat 5: Donkinou (big blind) won 180


Winamax Poker - Tournament "Double or Nothing" buyIn: 0,46€ + 0,04€ level: 6 - HandId: #566813388173213697-40-1443211436 - Holdem no limit (80/160) - 2015/09/25 20:03:56 UTC
Table: 'Double or Nothing(131971526)#0' 10-max (real money) Seat #4 is the button
Seat 1: sabre_laser (995)
Seat 3: Bikon13 (2360)
Seat 4: kermitt76 (3050)
Seat 5: Donkinou (3250)
Seat 7: tfabalex (1210)
Seat 9: IQTYQ3 (1230)
Seat 10: Calimero053 (2905)
*** ANTE/BLINDS ***
Donkinou posts small blind 80
tfabalex posts big blind 160
Dealt to sabre_laser [Kd Qh]
*** PRE-FLOP *** 
IQTYQ3 folds
Calimero053 calls 160
sabre_laser folds
Bikon13 folds
kermitt76 raises 190 to 350
Donkinou folds
tfabalex folds
Calimero053 calls 190
*** FLOP *** [Jc 9h Ks]
Calimero053 bets 160
kermitt76 calls 160
*** TURN *** [Jc 9h Ks][5d]
Calimero053 checks
kermitt76 checks
*** RIVER *** [Jc 9h Ks 5d][Jh]
Calimero053 checks
kermitt76 bets 740
Calimero053 calls 740
*** SHOW DOWN ***
kermitt76 shows [9s As] (Two pairs : Jacks and 9)
Calimero053 shows [Kc Qs] (Two pairs : Kings and Jacks)
Calimero053 collected 2740 from pot
*** SUMMARY ***
Total pot 2740 | No rake
Board: [Jc 9h Ks 5d Jh]
Seat 4: kermitt76 (button) showed [9s As] and lost with Two pairs : Jacks and 9
Seat 10: Calimero053 showed [Kc Qs] and won 2740 with Two pairs : Kings and Jacks


Winamax Poker - Tournament "Double or Nothing" buyIn: 0,46€ + 0,04€ level: 6 - HandId: #566813388173213697-41-1443211498 - Holdem no limit (80/160) - 2015/09/25 20:04:58 UTC
Table: 'Double or Nothing(131971526)#0' 10-max (real money) Seat #5 is the button
Seat 1: sabre_laser (995)
Seat 3: Bikon13 (2360)
Seat 4: kermitt76 (1800)
Seat 5: Donkinou (3170)
Seat 7: tfabalex (1050)
Seat 9: IQTYQ3 (1230)
Seat 10: Calimero053 (4395)
*** ANTE/BLINDS ***
tfabalex posts small blind 80
IQTYQ3 posts big blind 160
Dealt to sabre_laser [8h 9d]
*** PRE-FLOP *** 
Calimero053 folds
sabre_laser folds
Bikon13 folds
kermitt76 folds
Donkinou folds
tfabalex folds
IQTYQ3 collected 240 from pot
*** SUMMARY ***
Total pot 240 | No rake
Seat 9: IQTYQ3 (big blind) won 240


Winamax Poker - Tournament "Double or Nothing" buyIn: 0,46€ + 0,04€ level: 6 - HandId: #566813388173213697-42-1443211522 - Holdem no limit (80/160) - 2015/09/25 20:05:22 UTC
Table: 'Double or Nothing(131971526)#0' 10-max (real money) Seat #7 is the button
Seat 1: sabre_laser (995)
Seat 3: Bikon13 (2360)
Seat 4: kermitt76 (1800)
Seat 5: Donkinou (3170)
Seat 7: tfabalex (970)
Seat 9: IQTYQ3 (1310)
Seat 10: Calimero053 (4395)
*** ANTE/BLINDS ***
IQTYQ3 posts small blind 80
Calimero053 posts big blind 160
Dealt to sabre_laser [9c Jd]
*** PRE-FLOP *** 
sabre_laser raises 835 to 995 and is all-in
Bikon13 folds
kermitt76 folds
Donkinou folds
tfabalex folds
IQTYQ3 folds
Calimero053 folds
sabre_laser collected 1235 from pot
*** SUMMARY ***
Total pot 1235 | No rake
Seat 1: sabre_laser won 1235


Winamax Poker - Tournament "Double or Nothing" buyIn: 0,46€ + 0,04€ level: 6 - HandId: #566813388173213697-43-1443211554 - Holdem no limit (80/160) - 2015/09/25 20:05:54 UTC
Table: 'Double or Nothing(131971526)#0' 10-max (real money) Seat #9 is the button
Seat 1: sabre_laser (1235)
Seat 3: Bikon13 (2360)
Seat 4: kermitt76 (1800)
Seat 5: Donkinou (3170)
Seat 7: tfabalex (970)
Seat 9: IQTYQ3 (1230)
Seat 10: Calimero053 (4235)
*** ANTE/BLINDS ***
Calimero053 posts small blind 80
sabre_laser posts big blind 160
Dealt to sabre_laser [Qs Ts]
*** PRE-FLOP *** 
Bikon13 folds
kermitt76 calls 160
Donkinou folds
tfabalex folds
IQTYQ3 folds
Calimero053 folds
sabre_laser checks
*** FLOP *** [6h Jh 5h]
sabre_laser checks
kermitt76 bets 160
sabre_laser folds
kermitt76 collected 560 from pot
*** SUMMARY ***
Total pot 560 | No rake
Board: [6h Jh 5h]
Seat 4: kermitt76 won 560


Winamax Poker - Tournament "Double or Nothing" buyIn: 0,46€ + 0,04€ level: 6 - HandId: #566813388173213697-44-1443211593 - Holdem no limit (80/160) - 2015/09/25 20:06:33 UTC
Table: 'Double or Nothing(131971526)#0' 10-max (real money) Seat #10 is the button
Seat 1: sabre_laser (1075)
Seat 3: Bikon13 (2360)
Seat 4: kermitt76 (2040)
Seat 5: Donkinou (3170)
Seat 7: tfabalex (970)
Seat 9: IQTYQ3 (1230)
Seat 10: Calimero053 (4155)
*** ANTE/BLINDS ***
sabre_laser posts small blind 80
Bikon13 posts big blind 160
Dealt to sabre_laser [Jh 6c]
*** PRE-FLOP *** 
kermitt76 folds
Donkinou folds
tfabalex folds
IQTYQ3 raises 1070 to 1230 and is all-in
Calimero053 folds
sabre_laser folds
Bikon13 folds
IQTYQ3 collected 1470 from pot
*** SUMMARY ***
Total pot 1470 | No rake
Seat 9: IQTYQ3 won 1470


Winamax Poker - Tournament "Double or Nothing" buyIn: 0,46€ + 0,04€ level: 6 - HandId: #566813388173213697-45-1443211626 - Holdem no limit (80/160) - 2015/09/25 20:07:06 UTC
Table: 'Double or Nothing(131971526)#0' 10-max (real money) Seat #1 is the button
Seat 1: sabre_laser (995)
Seat 3: Bikon13 (2200)
Seat 4: kermitt76 (2040)
Seat 5: Donkinou (3170)
Seat 7: tfabalex (970)
Seat 9: IQTYQ3 (1470)
Seat 10: Calimero053 (4155)
*** ANTE/BLINDS ***
Bikon13 posts small blind 80
kermitt76 posts big blind 160
Dealt to sabre_laser [8h 3h]
*** PRE-FLOP *** 
Donkinou folds
tfabalex folds
IQTYQ3 folds
Calimero053 folds
sabre_laser folds
Bikon13 raises 2040 to 2200 and is all-in
kermitt76 folds
Bikon13 collected 2360 from pot
*** SUMMARY ***
Total pot 2360 | No rake
Seat 3: Bikon13 (small blind) won 2360


Winamax Poker - Tournament "Double or Nothing" buyIn: 0,46€ + 0,04€ level: 6 - HandId: #566813388173213697-46-1443211673 - Holdem no limit (80/160) - 2015/09/25 20:07:53 UTC
Table: 'Double or Nothing(131971526)#0' 10-max (real money) Seat #3 is the button
Seat 1: sabre_laser (995)
Seat 3: Bikon13 (2360)
Seat 4: kermitt76 (1880)
Seat 5: Donkinou (3170)
Seat 7: tfabalex (970)
Seat 9: IQTYQ3 (1470)
Seat 10: Calimero053 (4155)
*** ANTE/BLINDS ***
kermitt76 posts small blind 80
Donkinou posts big blind 160
Dealt to sabre_laser [9c 4c]
*** PRE-FLOP *** 
tfabalex folds
IQTYQ3 folds
Calimero053 folds
sabre_laser folds
Bikon13 folds
kermitt76 raises 1720 to 1880 and is all-in
Donkinou folds
kermitt76 collected 2040 from pot
*** SUMMARY ***
Total pot 2040 | No rake
Seat 4: kermitt76 (small blind) won 2040


Winamax Poker - Tournament "Double or Nothing" buyIn: 0,46€ + 0,04€ level: 6 - HandId: #566813388173213697-47-1443211718 - Holdem no limit (80/160) - 2015/09/25 20:08:38 UTC
Table: 'Double or Nothing(131971526)#0' 10-max (real money) Seat #4 is the button
Seat 1: sabre_laser (995)
Seat 3: Bikon13 (2360)
Seat 4: kermitt76 (2040)
Seat 5: Donkinou (3010)
Seat 7: tfabalex (970)
Seat 9: IQTYQ3 (1470)
Seat 10: Calimero053 (4155)
*** ANTE/BLINDS ***
Donkinou posts small blind 80
tfabalex posts big blind 160
Dealt to sabre_laser [Qs 8d]
*** PRE-FLOP *** 
IQTYQ3 folds
Calimero053 folds
sabre_laser raises 835 to 995 and is all-in
Bikon13 raises 1365 to 2360 and is all-in
kermitt76 folds
Donkinou folds
tfabalex folds
*** FLOP *** [Qc Js 8c]
*** TURN *** [Qc Js 8c][5c]
*** RIVER *** [Qc Js 8c 5c][Ts]
*** SHOW DOWN ***
sabre_laser shows [Qs 8d] (Two pairs : Queens and 8)
Bikon13 shows [As Kh] (Straight Ace high)
Bikon13 collected 3595 from pot
*** SUMMARY ***
Total pot 3595 | No rake
Board: [Qc Js 8c 5c Ts]
Seat 1: sabre_laser showed [Qs 8d] and lost with Two pairs : Queens and 8
Seat 3: Bikon13 showed [As Kh] and won 3595 with Straight Ace high


