Winamax Poker - Tournament "Double or Nothing" buyIn: 0,46€ + 0,04€ level: 0 - HandId: #501678589926703105-1-1429640895 - Holdem no limit (10/20) - 2015/04/21 18:28:15 UTC
Table: 'Double or Nothing(116806149)#0' 10-max (real money) Seat #1 is the button
Seat 1: xXXxADExXXx (1500)
Seat 2: jeanaipas (1500)
Seat 3: kruela (1500)
Seat 4: zoulou62 (1500)
Seat 5: sabre_laser (1500)
Seat 6: roda557 (1500)
Seat 7: crazypix (1500)
Seat 8: Razz22 (1500)
Seat 9: booster82 (1500)
Seat 10: why its dark (1500)
*** ANTE/BLINDS ***
jeanaipas posts small blind 10
kruela posts big blind 20
Dealt to sabre_laser [5s 2d]
*** PRE-FLOP *** 
zoulou62 calls 20
sabre_laser folds
roda557 calls 20
crazypix folds
Razz22 folds
booster82 raises 60 to 80
why its dark folds
xXXxADExXXx folds
jeanaipas calls 70
kruela calls 60
zoulou62 calls 60
roda557 calls 60
*** FLOP *** [2h 7s 4s]
jeanaipas checks
kruela checks
zoulou62 bets 50
roda557 folds
booster82 raises 1370 to 1420 and is all-in
jeanaipas calls 1420 and is all-in
kruela folds
zoulou62 folds
*** TURN *** [2h 7s 4s][Jh]
*** RIVER *** [2h 7s 4s Jh][Js]
*** SHOW DOWN ***
booster82 shows [8d 8h] (Two pairs : Jacks and 8)
jeanaipas shows [Qs Ks] (Flush King high)
jeanaipas collected 3290 from pot
*** SUMMARY ***
Total pot 3290 | No rake
Board: [2h 7s 4s Jh Js]
Seat 2: jeanaipas (small blind) showed [Qs Ks] and won 3290 with Flush King high
Seat 9: booster82 showed [8d 8h] and lost with Two pairs : Jacks and 8


Winamax Poker - Tournament "Double or Nothing" buyIn: 0,46€ + 0,04€ level: 0 - HandId: #501678589926703105-2-1429641030 - Holdem no limit (10/20) - 2015/04/21 18:30:30 UTC
Table: 'Double or Nothing(116806149)#0' 10-max (real money) Seat #2 is the button
Seat 1: xXXxADExXXx (1500)
Seat 2: jeanaipas (3290)
Seat 3: kruela (1420)
Seat 4: zoulou62 (1370)
Seat 5: sabre_laser (1500)
Seat 6: roda557 (1420)
Seat 7: crazypix (1500)
Seat 8: Razz22 (1500)
Seat 10: why its dark (1500)
*** ANTE/BLINDS ***
kruela posts small blind 10
zoulou62 posts big blind 20
Dealt to sabre_laser [3s 8s]
*** PRE-FLOP *** 
sabre_laser folds
roda557 folds
crazypix raises 1480 to 1500 and is all-in
Razz22 folds
why its dark folds
xXXxADExXXx folds
jeanaipas folds
kruela folds
zoulou62 folds
crazypix collected 1530 from pot
*** SUMMARY ***
Total pot 1530 | No rake
Seat 7: crazypix won 1530


Winamax Poker - Tournament "Double or Nothing" buyIn: 0,46€ + 0,04€ level: 0 - HandId: #501678589926703105-3-1429641057 - Holdem no limit (10/20) - 2015/04/21 18:30:57 UTC
Table: 'Double or Nothing(116806149)#0' 10-max (real money) Seat #3 is the button
Seat 1: xXXxADExXXx (1500)
Seat 2: jeanaipas (3290)
Seat 3: kruela (1410)
Seat 4: zoulou62 (1350)
Seat 5: sabre_laser (1500)
Seat 6: roda557 (1420)
Seat 7: crazypix (1530)
Seat 8: Razz22 (1500)
Seat 10: why its dark (1500)
*** ANTE/BLINDS ***
zoulou62 posts small blind 10
sabre_laser posts big blind 20
Dealt to sabre_laser [7d 5d]
*** PRE-FLOP *** 
roda557 folds
crazypix folds
Razz22 folds
why its dark raises 30 to 50
xXXxADExXXx folds
jeanaipas calls 50
kruela folds
zoulou62 folds
sabre_laser calls 30
*** FLOP *** [6d 7h 8s]
sabre_laser checks
why its dark checks
jeanaipas bets 160
sabre_laser calls 160
why its dark calls 160
*** TURN *** [6d 7h 8s][6s]
sabre_laser checks
why its dark checks
jeanaipas bets 320
sabre_laser folds
why its dark raises 320 to 640
jeanaipas calls 320
*** RIVER *** [6d 7h 8s 6s][2d]
why its dark bets 650 and is all-in
jeanaipas calls 650
*** SHOW DOWN ***
jeanaipas shows [7c Ac] (Two pairs : 7 and 6)
why its dark shows [8h 8c] (Full of 8 and 6)
why its dark collected 3220 from pot
*** SUMMARY ***
Total pot 3220 | No rake
Board: [6d 7h 8s 6s 2d]
Seat 2: jeanaipas showed [7c Ac] and lost with Two pairs : 7 and 6
Seat 10: why its dark showed [8h 8c] and won 3220 with Full of 8 and 6


Winamax Poker - Tournament "Double or Nothing" buyIn: 0,46€ + 0,04€ level: 0 - HandId: #501678589926703105-4-1429641152 - Holdem no limit (10/20) - 2015/04/21 18:32:32 UTC
Table: 'Double or Nothing(116806149)#0' 10-max (real money) Seat #4 is the button
Seat 1: xXXxADExXXx (1500)
Seat 2: jeanaipas (1790)
Seat 3: kruela (1410)
Seat 4: zoulou62 (1340)
Seat 5: sabre_laser (1290)
Seat 6: roda557 (1420)
Seat 7: crazypix (1530)
Seat 8: Razz22 (1500)
Seat 10: why its dark (3220)
*** ANTE/BLINDS ***
sabre_laser posts small blind 10
roda557 posts big blind 20
Dealt to sabre_laser [Kd 3h]
*** PRE-FLOP *** 
crazypix folds
Razz22 raises 30 to 50
why its dark folds
xXXxADExXXx folds
jeanaipas raises 30 to 80
kruela folds
zoulou62 calls 80
sabre_laser folds
roda557 calls 60
Razz22 raises 210 to 290
jeanaipas calls 210
zoulou62 calls 210
roda557 calls 210
*** FLOP *** [4h Ac 5d]
roda557 checks
Razz22 checks
jeanaipas bets 585
zoulou62 calls 585
roda557 folds
Razz22 folds
*** TURN *** [4h Ac 5d][3c]
jeanaipas checks
zoulou62 bets 465 and is all-in
jeanaipas calls 465
*** RIVER *** [4h Ac 5d 3c][3d]
*** SHOW DOWN ***
jeanaipas shows [Ts Qs] (One pair : 3)
zoulou62 shows [As 3s] (Full of 3 and Aces)
zoulou62 collected 3270 from pot
*** SUMMARY ***
Total pot 3270 | No rake
Board: [4h Ac 5d 3c 3d]
Seat 2: jeanaipas showed [Ts Qs] and lost with One pair : 3
Seat 4: zoulou62 (button) showed [As 3s] and won 3270 with Full of 3 and Aces


Winamax Poker - Tournament "Double or Nothing" buyIn: 0,46€ + 0,04€ level: 0 - HandId: #501678589926703105-5-1429641228 - Holdem no limit (10/20) - 2015/04/21 18:33:48 UTC
Table: 'Double or Nothing(116806149)#0' 10-max (real money) Seat #5 is the button
Seat 1: xXXxADExXXx (1500)
Seat 2: jeanaipas (450)
Seat 3: kruela (1410)
Seat 4: zoulou62 (3270)
Seat 5: sabre_laser (1280)
Seat 6: roda557 (1130)
Seat 7: crazypix (1530)
Seat 8: Razz22 (1210)
Seat 10: why its dark (3220)
*** ANTE/BLINDS ***
roda557 posts small blind 10
crazypix posts big blind 20
Dealt to sabre_laser [8s 4s]
*** PRE-FLOP *** 
Razz22 raises 230 to 250
why its dark folds
xXXxADExXXx folds
jeanaipas folds
kruela folds
zoulou62 folds
sabre_laser folds
roda557 raises 880 to 1130 and is all-in
crazypix folds
Razz22 calls 880
*** FLOP *** [2c 2h Qh]
*** TURN *** [2c 2h Qh][7h]
*** RIVER *** [2c 2h Qh 7h][6s]
*** SHOW DOWN ***
roda557 shows [Kd Td] (One pair : 2)
Razz22 shows [Ad Kh] (One pair : 2)
Razz22 collected 2280 from pot
*** SUMMARY ***
Total pot 2280 | No rake
Board: [2c 2h Qh 7h 6s]
Seat 6: roda557 (small blind) showed [Kd Td] and lost with One pair : 2
Seat 8: Razz22 showed [Ad Kh] and won 2280 with One pair : 2


Winamax Poker - Tournament "Double or Nothing" buyIn: 0,46€ + 0,04€ level: 1 - HandId: #501678589926703105-6-1429641277 - Holdem no limit (15/30) - 2015/04/21 18:34:37 UTC
Table: 'Double or Nothing(116806149)#0' 10-max (real money) Seat #6 is the button
Seat 1: xXXxADExXXx (1500)
Seat 2: jeanaipas (450)
Seat 3: kruela (1410)
Seat 4: zoulou62 (3270)
Seat 5: sabre_laser (1280)
Seat 7: crazypix (1510)
Seat 8: Razz22 (2360)
Seat 10: why its dark (3220)
*** ANTE/BLINDS ***
crazypix posts small blind 15
Razz22 posts big blind 30
Dealt to sabre_laser [4d Js]
*** PRE-FLOP *** 
why its dark folds
xXXxADExXXx folds
jeanaipas folds
kruela calls 30
zoulou62 calls 30
sabre_laser folds
crazypix folds
Razz22 checks
*** FLOP *** [3d 6h 9s]
Razz22 checks
kruela checks
zoulou62 bets 105
Razz22 folds
kruela folds
zoulou62 collected 210 from pot
*** SUMMARY ***
Total pot 210 | No rake
Board: [3d 6h 9s]
Seat 4: zoulou62 won 210


Winamax Poker - Tournament "Double or Nothing" buyIn: 0,46€ + 0,04€ level: 1 - HandId: #501678589926703105-7-1429641362 - Holdem no limit (15/30) - 2015/04/21 18:36:02 UTC
Table: 'Double or Nothing(116806149)#0' 10-max (real money) Seat #7 is the button
Seat 1: xXXxADExXXx (1500)
Seat 2: jeanaipas (450)
Seat 3: kruela (1380)
Seat 4: zoulou62 (3345)
Seat 5: sabre_laser (1280)
Seat 7: crazypix (1495)
Seat 8: Razz22 (2330)
Seat 10: why its dark (3220)
*** ANTE/BLINDS ***
Razz22 posts small blind 15
why its dark posts big blind 30
Dealt to sabre_laser [Ah 5c]
*** PRE-FLOP *** 
xXXxADExXXx folds
jeanaipas calls 30
kruela folds
zoulou62 folds
sabre_laser folds
crazypix folds
Razz22 folds
why its dark checks
*** FLOP *** [6c 5h Kh]
why its dark checks
jeanaipas checks
*** TURN *** [6c 5h Kh][Qc]
why its dark checks
jeanaipas checks
*** RIVER *** [6c 5h Kh Qc][2c]
why its dark checks
jeanaipas checks
*** SHOW DOWN ***
why its dark shows [3d 3c] (One pair : 3)
jeanaipas shows [4c 4s] (One pair : 4)
jeanaipas collected 75 from pot
*** SUMMARY ***
Total pot 75 | No rake
Board: [6c 5h Kh Qc 2c]
Seat 2: jeanaipas showed [4c 4s] and won 75 with One pair : 4
Seat 10: why its dark (big blind) showed [3d 3c] and lost with One pair : 3


Winamax Poker - Tournament "Double or Nothing" buyIn: 0,46€ + 0,04€ level: 1 - HandId: #501678589926703105-8-1429641411 - Holdem no limit (15/30) - 2015/04/21 18:36:51 UTC
Table: 'Double or Nothing(116806149)#0' 10-max (real money) Seat #8 is the button
Seat 1: xXXxADExXXx (1500)
Seat 2: jeanaipas (495)
Seat 3: kruela (1380)
Seat 4: zoulou62 (3345)
Seat 5: sabre_laser (1280)
Seat 7: crazypix (1495)
Seat 8: Razz22 (2315)
Seat 10: why its dark (3190)
*** ANTE/BLINDS ***
why its dark posts small blind 15
xXXxADExXXx posts big blind 30
Dealt to sabre_laser [2c 7c]
*** PRE-FLOP *** 
jeanaipas folds
kruela raises 150 to 180
zoulou62 folds
sabre_laser folds
crazypix folds
Razz22 folds
why its dark folds
xXXxADExXXx folds
kruela collected 225 from pot
*** SUMMARY ***
Total pot 225 | No rake
Seat 3: kruela won 225


Winamax Poker - Tournament "Double or Nothing" buyIn: 0,46€ + 0,04€ level: 1 - HandId: #501678589926703105-9-1429641459 - Holdem no limit (15/30) - 2015/04/21 18:37:39 UTC
Table: 'Double or Nothing(116806149)#0' 10-max (real money) Seat #10 is the button
Seat 1: xXXxADExXXx (1470)
Seat 2: jeanaipas (495)
Seat 3: kruela (1425)
Seat 4: zoulou62 (3345)
Seat 5: sabre_laser (1280)
Seat 7: crazypix (1495)
Seat 8: Razz22 (2315)
Seat 10: why its dark (3175)
*** ANTE/BLINDS ***
xXXxADExXXx posts small blind 15
jeanaipas posts big blind 30
Dealt to sabre_laser [Ks 7d]
*** PRE-FLOP *** 
kruela folds
zoulou62 folds
sabre_laser folds
crazypix folds
Razz22 folds
why its dark folds
xXXxADExXXx folds
jeanaipas collected 45 from pot
*** SUMMARY ***
Total pot 45 | No rake
Seat 2: jeanaipas (big blind) won 45


Winamax Poker - Tournament "Double or Nothing" buyIn: 0,46€ + 0,04€ level: 1 - HandId: #501678589926703105-10-1429641472 - Holdem no limit (15/30) - 2015/04/21 18:37:52 UTC
Table: 'Double or Nothing(116806149)#0' 10-max (real money) Seat #1 is the button
Seat 1: xXXxADExXXx (1455)
Seat 2: jeanaipas (510)
Seat 3: kruela (1425)
Seat 4: zoulou62 (3345)
Seat 5: sabre_laser (1280)
Seat 7: crazypix (1495)
Seat 8: Razz22 (2315)
Seat 10: why its dark (3175)
*** ANTE/BLINDS ***
jeanaipas posts small blind 15
kruela posts big blind 30
Dealt to sabre_laser [6d 5c]
*** PRE-FLOP *** 
zoulou62 folds
sabre_laser folds
crazypix folds
Razz22 folds
why its dark folds
xXXxADExXXx folds
jeanaipas raises 480 to 510 and is all-in
kruela folds
jeanaipas collected 540 from pot
*** SUMMARY ***
Total pot 540 | No rake
Seat 2: jeanaipas (small blind) won 540


Winamax Poker - Tournament "Double or Nothing" buyIn: 0,46€ + 0,04€ level: 1 - HandId: #501678589926703105-11-1429641503 - Holdem no limit (15/30) - 2015/04/21 18:38:23 UTC
Table: 'Double or Nothing(116806149)#0' 10-max (real money) Seat #2 is the button
Seat 1: xXXxADExXXx (1455)
Seat 2: jeanaipas (540)
Seat 3: kruela (1395)
Seat 4: zoulou62 (3345)
Seat 5: sabre_laser (1280)
Seat 7: crazypix (1495)
Seat 8: Razz22 (2315)
Seat 10: why its dark (3175)
*** ANTE/BLINDS ***
kruela posts small blind 15
zoulou62 posts big blind 30
Dealt to sabre_laser [5c 4h]
*** PRE-FLOP *** 
sabre_laser folds
crazypix calls 30
Razz22 folds
why its dark calls 30
xXXxADExXXx folds
jeanaipas calls 30
kruela calls 15
zoulou62 checks
*** FLOP *** [Kc Ac 8d]
kruela checks
zoulou62 checks
crazypix checks
why its dark checks
jeanaipas bets 510 and is all-in
kruela folds
zoulou62 calls 510
crazypix folds
why its dark calls 510
*** TURN *** [Kc Ac 8d][2d]
zoulou62 checks
why its dark checks
*** RIVER *** [Kc Ac 8d 2d][8c]
zoulou62 checks
why its dark checks
*** SHOW DOWN ***
jeanaipas shows [2c 4c] (Flush Ace high)
zoulou62 shows [Kd Td] (Two pairs : Kings and 8)
why its dark shows [Qc Tc] (Flush Ace high)
why its dark collected 1680 from pot
*** SUMMARY ***
Total pot 1680 | No rake
Board: [Kc Ac 8d 2d 8c]
Seat 2: jeanaipas (button) showed [2c 4c] and lost with Flush Ace high
Seat 4: zoulou62 (big blind) showed [Kd Td] and lost with Two pairs : Kings and 8
Seat 10: why its dark showed [Qc Tc] and won 1680 with Flush Ace high


Winamax Poker - Tournament "Double or Nothing" buyIn: 0,46€ + 0,04€ level: 1 - HandId: #501678589926703105-12-1429641579 - Holdem no limit (15/30) - 2015/04/21 18:39:39 UTC
Table: 'Double or Nothing(116806149)#0' 10-max (real money) Seat #3 is the button
Seat 1: xXXxADExXXx (1455)
Seat 3: kruela (1365)
Seat 4: zoulou62 (2805)
Seat 5: sabre_laser (1280)
Seat 7: crazypix (1465)
Seat 8: Razz22 (2315)
Seat 10: why its dark (4315)
*** ANTE/BLINDS ***
zoulou62 posts small blind 15
sabre_laser posts big blind 30
Dealt to sabre_laser [Qs Ks]
*** PRE-FLOP *** 
crazypix folds
Razz22 calls 30
why its dark folds
xXXxADExXXx folds
kruela folds
zoulou62 folds
sabre_laser raises 120 to 150
Razz22 folds
sabre_laser collected 195 from pot
*** SUMMARY ***
Total pot 195 | No rake
Seat 5: sabre_laser (big blind) won 195


Winamax Poker - Tournament "Double or Nothing" buyIn: 0,46€ + 0,04€ level: 2 - HandId: #501678589926703105-13-1429641646 - Holdem no limit (20/40) - 2015/04/21 18:40:46 UTC
Table: 'Double or Nothing(116806149)#0' 10-max (real money) Seat #4 is the button
Seat 1: xXXxADExXXx (1455)
Seat 3: kruela (1365)
Seat 4: zoulou62 (2790)
Seat 5: sabre_laser (1325)
Seat 7: crazypix (1465)
Seat 8: Razz22 (2285)
Seat 10: why its dark (4315)
*** ANTE/BLINDS ***
sabre_laser posts small blind 20
crazypix posts big blind 40
Dealt to sabre_laser [6d Ah]
*** PRE-FLOP *** 
Razz22 folds
why its dark folds
xXXxADExXXx folds
kruela folds
zoulou62 folds
sabre_laser raises 40 to 80
crazypix folds
sabre_laser collected 120 from pot
*** SUMMARY ***
Total pot 120 | No rake
Seat 5: sabre_laser (small blind) won 120


Winamax Poker - Tournament "Double or Nothing" buyIn: 0,46€ + 0,04€ level: 2 - HandId: #501678589926703105-14-1429641677 - Holdem no limit (20/40) - 2015/04/21 18:41:17 UTC
Table: 'Double or Nothing(116806149)#0' 10-max (real money) Seat #5 is the button
Seat 1: xXXxADExXXx (1455)
Seat 3: kruela (1365)
Seat 4: zoulou62 (2790)
Seat 5: sabre_laser (1365)
Seat 7: crazypix (1425)
Seat 8: Razz22 (2285)
Seat 10: why its dark (4315)
*** ANTE/BLINDS ***
crazypix posts small blind 20
Razz22 posts big blind 40
Dealt to sabre_laser [6c 4d]
*** PRE-FLOP *** 
why its dark folds
xXXxADExXXx folds
kruela folds
zoulou62 folds
sabre_laser folds
crazypix folds
Razz22 collected 60 from pot
*** SUMMARY ***
Total pot 60 | No rake
Seat 8: Razz22 (big blind) won 60


Winamax Poker - Tournament "Double or Nothing" buyIn: 0,46€ + 0,04€ level: 2 - HandId: #501678589926703105-15-1429641709 - Holdem no limit (20/40) - 2015/04/21 18:41:49 UTC
Table: 'Double or Nothing(116806149)#0' 10-max (real money) Seat #7 is the button
Seat 1: xXXxADExXXx (1455)
Seat 3: kruela (1365)
Seat 4: zoulou62 (2790)
Seat 5: sabre_laser (1365)
Seat 7: crazypix (1405)
Seat 8: Razz22 (2305)
Seat 10: why its dark (4315)
*** ANTE/BLINDS ***
Razz22 posts small blind 20
why its dark posts big blind 40
Dealt to sabre_laser [9s Kh]
*** PRE-FLOP *** 
xXXxADExXXx folds
kruela folds
zoulou62 folds
sabre_laser folds
crazypix folds
Razz22 folds
why its dark collected 60 from pot
*** SUMMARY ***
Total pot 60 | No rake
Seat 10: why its dark (big blind) won 60


Winamax Poker - Tournament "Double or Nothing" buyIn: 0,46€ + 0,04€ level: 2 - HandId: #501678589926703105-16-1429641742 - Holdem no limit (20/40) - 2015/04/21 18:42:22 UTC
Table: 'Double or Nothing(116806149)#0' 10-max (real money) Seat #8 is the button
Seat 1: xXXxADExXXx (1455)
Seat 3: kruela (1365)
Seat 4: zoulou62 (2790)
Seat 5: sabre_laser (1365)
Seat 7: crazypix (1405)
Seat 8: Razz22 (2285)
Seat 10: why its dark (4335)
*** ANTE/BLINDS ***
why its dark posts small blind 20
xXXxADExXXx posts big blind 40
Dealt to sabre_laser [3h Ts]
*** PRE-FLOP *** 
kruela raises 100 to 140
zoulou62 calls 140
sabre_laser folds
crazypix folds
Razz22 folds
why its dark folds
xXXxADExXXx folds
*** FLOP *** [6d Qd 4d]
kruela bets 340
zoulou62 raises 2310 to 2650 and is all-in
kruela calls 885 and is all-in
*** TURN *** [6d Qd 4d][6s]
*** RIVER *** [6d Qd 4d 6s][Jh]
*** SHOW DOWN ***
kruela shows [Qh Ac] (Two pairs : Queens and 6)
zoulou62 shows [Qs As] (Two pairs : Queens and 6)
zoulou62 collected 2820 from side pot 1
kruela collected 1395 from main pot
*** SUMMARY ***
Total pot 4215 | No rake
Board: [6d Qd 4d 6s Jh]
Seat 3: kruela showed [Qh Ac] and won 1395 with Two pairs : Queens and 6
Seat 4: zoulou62 showed [Qs As] and won 2820 with Two pairs : Queens and 6


Winamax Poker - Tournament "Double or Nothing" buyIn: 0,46€ + 0,04€ level: 2 - HandId: #501678589926703105-17-1429641778 - Holdem no limit (20/40) - 2015/04/21 18:42:58 UTC
Table: 'Double or Nothing(116806149)#0' 10-max (real money) Seat #10 is the button
Seat 1: xXXxADExXXx (1415)
Seat 3: kruela (1395)
Seat 4: zoulou62 (2820)
Seat 5: sabre_laser (1365)
Seat 7: crazypix (1405)
Seat 8: Razz22 (2285)
Seat 10: why its dark (4315)
*** ANTE/BLINDS ***
xXXxADExXXx posts small blind 20
kruela posts big blind 40
Dealt to sabre_laser [Kd 8c]
*** PRE-FLOP *** 
zoulou62 folds
sabre_laser folds
crazypix folds
Razz22 folds
why its dark raises 60 to 100
xXXxADExXXx folds
kruela folds
why its dark collected 160 from pot
*** SUMMARY ***
Total pot 160 | No rake
Seat 10: why its dark (button) won 160


Winamax Poker - Tournament "Double or Nothing" buyIn: 0,46€ + 0,04€ level: 2 - HandId: #501678589926703105-18-1429641803 - Holdem no limit (20/40) - 2015/04/21 18:43:23 UTC
Table: 'Double or Nothing(116806149)#0' 10-max (real money) Seat #1 is the button
Seat 1: xXXxADExXXx (1395)
Seat 3: kruela (1355)
Seat 4: zoulou62 (2820)
Seat 5: sabre_laser (1365)
Seat 7: crazypix (1405)
Seat 8: Razz22 (2285)
Seat 10: why its dark (4375)
*** ANTE/BLINDS ***
kruela posts small blind 20
zoulou62 posts big blind 40
Dealt to sabre_laser [5d Tc]
*** PRE-FLOP *** 
sabre_laser folds
crazypix calls 40
Razz22 folds
why its dark calls 40
xXXxADExXXx folds
kruela calls 20
zoulou62 checks
*** FLOP *** [Qd 5c 3c]
kruela checks
zoulou62 bets 40
crazypix folds
why its dark folds
kruela calls 40
*** TURN *** [Qd 5c 3c][Jh]
kruela checks
zoulou62 bets 40
kruela folds
zoulou62 collected 280 from pot
*** SUMMARY ***
Total pot 280 | No rake
Board: [Qd 5c 3c Jh]
Seat 4: zoulou62 (big blind) won 280


Winamax Poker - Tournament "Double or Nothing" buyIn: 0,46€ + 0,04€ level: 2 - HandId: #501678589926703105-19-1429641846 - Holdem no limit (20/40) - 2015/04/21 18:44:06 UTC
Table: 'Double or Nothing(116806149)#0' 10-max (real money) Seat #3 is the button
Seat 1: xXXxADExXXx (1395)
Seat 3: kruela (1275)
Seat 4: zoulou62 (2980)
Seat 5: sabre_laser (1365)
Seat 7: crazypix (1365)
Seat 8: Razz22 (2285)
Seat 10: why its dark (4335)
*** ANTE/BLINDS ***
zoulou62 posts small blind 20
sabre_laser posts big blind 40
Dealt to sabre_laser [Qd 7c]
*** PRE-FLOP *** 
crazypix folds
Razz22 folds
why its dark folds
xXXxADExXXx folds
kruela raises 260 to 300
zoulou62 folds
sabre_laser folds
kruela collected 360 from pot
*** SUMMARY ***
Total pot 360 | No rake
Seat 3: kruela (button) won 360


Winamax Poker - Tournament "Double or Nothing" buyIn: 0,46€ + 0,04€ level: 2 - HandId: #501678589926703105-20-1429641885 - Holdem no limit (20/40) - 2015/04/21 18:44:45 UTC
Table: 'Double or Nothing(116806149)#0' 10-max (real money) Seat #4 is the button
Seat 1: xXXxADExXXx (1395)
Seat 3: kruela (1335)
Seat 4: zoulou62 (2960)
Seat 5: sabre_laser (1325)
Seat 7: crazypix (1365)
Seat 8: Razz22 (2285)
Seat 10: why its dark (4335)
*** ANTE/BLINDS ***
sabre_laser posts small blind 20
crazypix posts big blind 40
Dealt to sabre_laser [2h 5c]
*** PRE-FLOP *** 
Razz22 folds
why its dark folds
xXXxADExXXx folds
kruela calls 40
zoulou62 folds
sabre_laser folds
crazypix checks
*** FLOP *** [3s Qd 7h]
crazypix checks
kruela checks
*** TURN *** [3s Qd 7h][3d]
crazypix checks
kruela checks
*** RIVER *** [3s Qd 7h 3d][Td]
crazypix checks
kruela checks
*** SHOW DOWN ***
crazypix shows [8d 2c] (One pair : 3)
kruela shows [As 8h] (One pair : 3)
kruela collected 100 from pot
*** SUMMARY ***
Total pot 100 | No rake
Board: [3s Qd 7h 3d Td]
Seat 3: kruela showed [As 8h] and won 100 with One pair : 3
Seat 7: crazypix (big blind) showed [8d 2c] and lost with One pair : 3


Winamax Poker - Tournament "Double or Nothing" buyIn: 0,46€ + 0,04€ level: 2 - HandId: #501678589926703105-21-1429641934 - Holdem no limit (20/40) - 2015/04/21 18:45:34 UTC
Table: 'Double or Nothing(116806149)#0' 10-max (real money) Seat #5 is the button
Seat 1: xXXxADExXXx (1395)
Seat 3: kruela (1395)
Seat 4: zoulou62 (2960)
Seat 5: sabre_laser (1305)
Seat 7: crazypix (1325)
Seat 8: Razz22 (2285)
Seat 10: why its dark (4335)
*** ANTE/BLINDS ***
crazypix posts small blind 20
Razz22 posts big blind 40
Dealt to sabre_laser [7c 6h]
*** PRE-FLOP *** 
why its dark raises 60 to 100
xXXxADExXXx folds
kruela folds
zoulou62 folds
sabre_laser folds
crazypix folds
Razz22 folds
why its dark collected 160 from pot
*** SUMMARY ***
Total pot 160 | No rake
Seat 10: why its dark won 160


Winamax Poker - Tournament "Double or Nothing" buyIn: 0,46€ + 0,04€ level: 2 - HandId: #501678589926703105-22-1429641951 - Holdem no limit (20/40) - 2015/04/21 18:45:51 UTC
Table: 'Double or Nothing(116806149)#0' 10-max (real money) Seat #7 is the button
Seat 1: xXXxADExXXx (1395)
Seat 3: kruela (1395)
Seat 4: zoulou62 (2960)
Seat 5: sabre_laser (1305)
Seat 7: crazypix (1305)
Seat 8: Razz22 (2245)
Seat 10: why its dark (4395)
*** ANTE/BLINDS ***
Razz22 posts small blind 20
why its dark posts big blind 40
Dealt to sabre_laser [3s 6c]
*** PRE-FLOP *** 
xXXxADExXXx folds
kruela calls 40
zoulou62 folds
sabre_laser folds
crazypix folds
Razz22 calls 20
why its dark checks
*** FLOP *** [3h 3c Jh]
Razz22 checks
why its dark checks
kruela checks
*** TURN *** [3h 3c Jh][9h]
Razz22 checks
why its dark checks
kruela bets 120
Razz22 calls 120
why its dark folds
*** RIVER *** [3h 3c Jh 9h][Kh]
Razz22 checks
kruela checks
*** SHOW DOWN ***
kruela shows [9s 8s] (Two pairs : 9 and 3)
Razz22 shows [Ad 3d] (Trips of 3)
Razz22 collected 360 from pot
*** SUMMARY ***
Total pot 360 | No rake
Board: [3h 3c Jh 9h Kh]
Seat 3: kruela showed [9s 8s] and lost with Two pairs : 9 and 3
Seat 8: Razz22 (small blind) showed [Ad 3d] and won 360 with Trips of 3


Winamax Poker - Tournament "Double or Nothing" buyIn: 0,46€ + 0,04€ level: 3 - HandId: #501678589926703105-23-1429642016 - Holdem no limit (30/60) - 2015/04/21 18:46:56 UTC
Table: 'Double or Nothing(116806149)#0' 10-max (real money) Seat #8 is the button
Seat 1: xXXxADExXXx (1395)
Seat 3: kruela (1235)
Seat 4: zoulou62 (2960)
Seat 5: sabre_laser (1305)
Seat 7: crazypix (1305)
Seat 8: Razz22 (2445)
Seat 10: why its dark (4355)
*** ANTE/BLINDS ***
why its dark posts small blind 30
xXXxADExXXx posts big blind 60
Dealt to sabre_laser [Td 3d]
*** PRE-FLOP *** 
kruela folds
zoulou62 calls 60
sabre_laser folds
crazypix folds
Razz22 folds
why its dark calls 30
xXXxADExXXx checks
*** FLOP *** [Kc Js 9s]
why its dark checks
xXXxADExXXx bets 60
zoulou62 raises 300 to 360
why its dark folds
xXXxADExXXx raises 585 to 945
zoulou62 calls 585
*** TURN *** [Kc Js 9s][Kd]
xXXxADExXXx bets 390 and is all-in
zoulou62 calls 390
*** RIVER *** [Kc Js 9s Kd][3s]
*** SHOW DOWN ***
zoulou62 shows [Kh 8h] (Trips of Kings)
xXXxADExXXx shows [Qs Ts] (Flush Queen high)
xXXxADExXXx collected 2850 from pot
*** SUMMARY ***
Total pot 2850 | No rake
Board: [Kc Js 9s Kd 3s]
Seat 1: xXXxADExXXx (big blind) showed [Qs Ts] and won 2850 with Flush Queen high
Seat 4: zoulou62 showed [Kh 8h] and lost with Trips of Kings


Winamax Poker - Tournament "Double or Nothing" buyIn: 0,46€ + 0,04€ level: 3 - HandId: #501678589926703105-24-1429642081 - Holdem no limit (30/60) - 2015/04/21 18:48:01 UTC
Table: 'Double or Nothing(116806149)#0' 10-max (real money) Seat #10 is the button
Seat 1: xXXxADExXXx (2850)
Seat 3: kruela (1235)
Seat 4: zoulou62 (1565)
Seat 5: sabre_laser (1305)
Seat 7: crazypix (1305)
Seat 8: Razz22 (2445)
Seat 10: why its dark (4295)
*** ANTE/BLINDS ***
xXXxADExXXx posts small blind 30
kruela posts big blind 60
Dealt to sabre_laser [6s 6c]
*** PRE-FLOP *** 
zoulou62 raises 120 to 180
sabre_laser folds
crazypix folds
Razz22 folds
why its dark folds
xXXxADExXXx folds
kruela folds
zoulou62 collected 270 from pot
*** SUMMARY ***
Total pot 270 | No rake
Seat 4: zoulou62 won 270


Winamax Poker - Tournament "Double or Nothing" buyIn: 0,46€ + 0,04€ level: 3 - HandId: #501678589926703105-25-1429642111 - Holdem no limit (30/60) - 2015/04/21 18:48:31 UTC
Table: 'Double or Nothing(116806149)#0' 10-max (real money) Seat #1 is the button
Seat 1: xXXxADExXXx (2820)
Seat 3: kruela (1175)
Seat 4: zoulou62 (1655)
Seat 5: sabre_laser (1305)
Seat 7: crazypix (1305)
Seat 8: Razz22 (2445)
Seat 10: why its dark (4295)
*** ANTE/BLINDS ***
kruela posts small blind 30
zoulou62 posts big blind 60
Dealt to sabre_laser [Qc Kc]
*** PRE-FLOP *** 
sabre_laser raises 60 to 120
crazypix folds
Razz22 folds
why its dark folds
xXXxADExXXx folds
kruela calls 90
zoulou62 folds
*** FLOP *** [6c 5d Qd]
kruela checks
sabre_laser bets 60
kruela calls 60
*** TURN *** [6c 5d Qd][2h]
kruela checks
sabre_laser bets 1125 and is all-in
kruela calls 995 and is all-in
*** RIVER *** [6c 5d Qd 2h][3s]
*** SHOW DOWN ***
kruela shows [7h 6h] (One pair : 6)
sabre_laser shows [Qc Kc] (One pair : Queens)
sabre_laser collected 2540 from pot
*** SUMMARY ***
Total pot 2540 | No rake
Board: [6c 5d Qd 2h 3s]
Seat 3: kruela (small blind) showed [7h 6h] and lost with One pair : 6
Seat 5: sabre_laser showed [Qc Kc] and won 2540 with One pair : Queens


Winamax Poker - Tournament "Double or Nothing" buyIn: 0,46€ + 0,04€ level: 3 - HandId: #501678589926703105-26-1429642202 - Holdem no limit (30/60) - 2015/04/21 18:50:02 UTC
Table: 'Double or Nothing(116806149)#0' 10-max (real money) Seat #3 is the button
Seat 1: xXXxADExXXx (2820)
Seat 4: zoulou62 (1595)
Seat 5: sabre_laser (2540)
Seat 7: crazypix (1305)
Seat 8: Razz22 (2445)
Seat 10: why its dark (4295)
*** ANTE/BLINDS ***
zoulou62 posts small blind 30
sabre_laser posts big blind 60
Dealt to sabre_laser [5s 7c]
*** PRE-FLOP *** 
crazypix folds
Razz22 folds
why its dark folds
xXXxADExXXx folds
zoulou62 calls 30
sabre_laser checks
*** FLOP *** [Qs 8s 9c]
zoulou62 bets 120
sabre_laser calls 120
*** TURN *** [Qs 8s 9c][3s]
zoulou62 bets 360
sabre_laser raises 2000 to 2360 and is all-in
zoulou62 calls 1055 and is all-in
*** RIVER *** [Qs 8s 9c 3s][6h]
*** SHOW DOWN ***
zoulou62 shows [Th Js] (Straight Queen high)
sabre_laser shows [5s 7c] (Straight 9 high)
sabre_laser collected 945 from side pot 1
zoulou62 collected 3190 from main pot
*** SUMMARY ***
Total pot 4135 | No rake
Board: [Qs 8s 9c 3s 6h]
Seat 4: zoulou62 (small blind) showed [Th Js] and won 3190 with Straight Queen high
Seat 5: sabre_laser (big blind) showed [5s 7c] and won 945 with Straight 9 high


Winamax Poker - Tournament "Double or Nothing" buyIn: 0,46€ + 0,04€ level: 3 - HandId: #501678589926703105-27-1429642248 - Holdem no limit (30/60) - 2015/04/21 18:50:48 UTC
Table: 'Double or Nothing(116806149)#0' 10-max (real money) Seat #4 is the button
Seat 1: xXXxADExXXx (2820)
Seat 4: zoulou62 (3190)
Seat 5: sabre_laser (945)
Seat 7: crazypix (1305)
Seat 8: Razz22 (2445)
Seat 10: why its dark (4295)
*** ANTE/BLINDS ***
sabre_laser posts small blind 30
crazypix posts big blind 60
Dealt to sabre_laser [Qd 2d]
*** PRE-FLOP *** 
Razz22 folds
why its dark folds
xXXxADExXXx folds
zoulou62 folds
sabre_laser folds
crazypix collected 90 from pot
*** SUMMARY ***
Total pot 90 | No rake
Seat 7: crazypix (big blind) won 90


Winamax Poker - Tournament "Double or Nothing" buyIn: 0,46€ + 0,04€ level: 3 - HandId: #501678589926703105-28-1429642269 - Holdem no limit (30/60) - 2015/04/21 18:51:09 UTC
Table: 'Double or Nothing(116806149)#0' 10-max (real money) Seat #5 is the button
Seat 1: xXXxADExXXx (2820)
Seat 4: zoulou62 (3190)
Seat 5: sabre_laser (915)
Seat 7: crazypix (1335)
Seat 8: Razz22 (2445)
Seat 10: why its dark (4295)
*** ANTE/BLINDS ***
crazypix posts small blind 30
Razz22 posts big blind 60
Dealt to sabre_laser [Ks 2h]
*** PRE-FLOP *** 
why its dark raises 90 to 150
xXXxADExXXx folds
zoulou62 folds
sabre_laser folds
crazypix folds
Razz22 folds
why its dark collected 240 from pot
*** SUMMARY ***
Total pot 240 | No rake
Seat 10: why its dark won 240


Winamax Poker - Tournament "Double or Nothing" buyIn: 0,46€ + 0,04€ level: 3 - HandId: #501678589926703105-29-1429642296 - Holdem no limit (30/60) - 2015/04/21 18:51:36 UTC
Table: 'Double or Nothing(116806149)#0' 10-max (real money) Seat #7 is the button
Seat 1: xXXxADExXXx (2820)
Seat 4: zoulou62 (3190)
Seat 5: sabre_laser (915)
Seat 7: crazypix (1305)
Seat 8: Razz22 (2385)
Seat 10: why its dark (4385)
*** ANTE/BLINDS ***
Razz22 posts small blind 30
why its dark posts big blind 60
Dealt to sabre_laser [8d Kh]
*** PRE-FLOP *** 
xXXxADExXXx folds
zoulou62 folds
sabre_laser folds
crazypix folds
Razz22 folds
why its dark collected 90 from pot
*** SUMMARY ***
Total pot 90 | No rake
Seat 10: why its dark (big blind) won 90


Winamax Poker - Tournament "Double or Nothing" buyIn: 0,46€ + 0,04€ level: 4 - HandId: #501678589926703105-30-1429642338 - Holdem no limit (40/80) - 2015/04/21 18:52:18 UTC
Table: 'Double or Nothing(116806149)#0' 10-max (real money) Seat #8 is the button
Seat 1: xXXxADExXXx (2820)
Seat 4: zoulou62 (3190)
Seat 5: sabre_laser (915)
Seat 7: crazypix (1305)
Seat 8: Razz22 (2355)
Seat 10: why its dark (4415)
*** ANTE/BLINDS ***
why its dark posts small blind 40
xXXxADExXXx posts big blind 80
Dealt to sabre_laser [Qs Ks]
*** PRE-FLOP *** 
zoulou62 raises 240 to 320
sabre_laser folds
crazypix folds
Razz22 folds
why its dark folds
xXXxADExXXx folds
zoulou62 collected 440 from pot
*** SUMMARY ***
Total pot 440 | No rake
Seat 4: zoulou62 won 440


Winamax Poker - Tournament "Double or Nothing" buyIn: 0,46€ + 0,04€ level: 4 - HandId: #501678589926703105-31-1429642366 - Holdem no limit (40/80) - 2015/04/21 18:52:46 UTC
Table: 'Double or Nothing(116806149)#0' 10-max (real money) Seat #10 is the button
Seat 1: xXXxADExXXx (2740)
Seat 4: zoulou62 (3310)
Seat 5: sabre_laser (915)
Seat 7: crazypix (1305)
Seat 8: Razz22 (2355)
Seat 10: why its dark (4375)
*** ANTE/BLINDS ***
xXXxADExXXx posts small blind 40
zoulou62 posts big blind 80
Dealt to sabre_laser [3c Kh]
*** PRE-FLOP *** 
sabre_laser folds
crazypix folds
Razz22 folds
why its dark raises 120 to 200
xXXxADExXXx folds
zoulou62 folds
why its dark collected 320 from pot
*** SUMMARY ***
Total pot 320 | No rake
Seat 10: why its dark (button) won 320


Winamax Poker - Tournament "Double or Nothing" buyIn: 0,46€ + 0,04€ level: 4 - HandId: #501678589926703105-32-1429642388 - Holdem no limit (40/80) - 2015/04/21 18:53:08 UTC
Table: 'Double or Nothing(116806149)#0' 10-max (real money) Seat #1 is the button
Seat 1: xXXxADExXXx (2700)
Seat 4: zoulou62 (3230)
Seat 5: sabre_laser (915)
Seat 7: crazypix (1305)
Seat 8: Razz22 (2355)
Seat 10: why its dark (4495)
*** ANTE/BLINDS ***
zoulou62 posts small blind 40
sabre_laser posts big blind 80
Dealt to sabre_laser [Kd As]
*** PRE-FLOP *** 
crazypix folds
Razz22 folds
why its dark folds
xXXxADExXXx folds
zoulou62 raises 80 to 160
sabre_laser raises 755 to 915 and is all-in
zoulou62 folds
sabre_laser collected 1075 from pot
*** SUMMARY ***
Total pot 1075 | No rake
Seat 5: sabre_laser (big blind) won 1075


Winamax Poker - Tournament "Double or Nothing" buyIn: 0,46€ + 0,04€ level: 4 - HandId: #501678589926703105-33-1429642425 - Holdem no limit (40/80) - 2015/04/21 18:53:45 UTC
Table: 'Double or Nothing(116806149)#0' 10-max (real money) Seat #4 is the button
Seat 1: xXXxADExXXx (2700)
Seat 4: zoulou62 (3070)
Seat 5: sabre_laser (1075)
Seat 7: crazypix (1305)
Seat 8: Razz22 (2355)
Seat 10: why its dark (4495)
*** ANTE/BLINDS ***
sabre_laser posts small blind 40
crazypix posts big blind 80
Dealt to sabre_laser [7s 6s]
*** PRE-FLOP *** 
Razz22 folds
why its dark folds
xXXxADExXXx folds
zoulou62 folds
sabre_laser calls 40
crazypix checks
*** FLOP *** [Jh Ac Kd]
sabre_laser checks
crazypix bets 160
sabre_laser folds
crazypix collected 320 from pot
*** SUMMARY ***
Total pot 320 | No rake
Board: [Jh Ac Kd]
Seat 7: crazypix (big blind) won 320


Winamax Poker - Tournament "Double or Nothing" buyIn: 0,46€ + 0,04€ level: 4 - HandId: #501678589926703105-34-1429642466 - Holdem no limit (40/80) - 2015/04/21 18:54:26 UTC
Table: 'Double or Nothing(116806149)#0' 10-max (real money) Seat #5 is the button
Seat 1: xXXxADExXXx (2700)
Seat 4: zoulou62 (3070)
Seat 5: sabre_laser (995)
Seat 7: crazypix (1385)
Seat 8: Razz22 (2355)
Seat 10: why its dark (4495)
*** ANTE/BLINDS ***
crazypix posts small blind 40
Razz22 posts big blind 80
Dealt to sabre_laser [4h Jh]
*** PRE-FLOP *** 
why its dark folds
xXXxADExXXx folds
zoulou62 folds
sabre_laser folds
crazypix calls 40
Razz22 checks
*** FLOP *** [3c Kd 8h]
crazypix checks
Razz22 checks
*** TURN *** [3c Kd 8h][Ah]
crazypix checks
Razz22 checks
*** RIVER *** [3c Kd 8h Ah][Ks]
crazypix checks
Razz22 checks
*** SHOW DOWN ***
crazypix shows [2c 2s] (Two pairs : Kings and 2)
Razz22 shows [6h 3d] (Two pairs : Kings and 3)
Razz22 collected 160 from pot
*** SUMMARY ***
Total pot 160 | No rake
Board: [3c Kd 8h Ah Ks]
Seat 7: crazypix (small blind) showed [2c 2s] and lost with Two pairs : Kings and 2
Seat 8: Razz22 (big blind) showed [6h 3d] and won 160 with Two pairs : Kings and 3


Winamax Poker - Tournament "Double or Nothing" buyIn: 0,46€ + 0,04€ level: 4 - HandId: #501678589926703105-35-1429642509 - Holdem no limit (40/80) - 2015/04/21 18:55:09 UTC
Table: 'Double or Nothing(116806149)#0' 10-max (real money) Seat #7 is the button
Seat 1: xXXxADExXXx (2700)
Seat 4: zoulou62 (3070)
Seat 5: sabre_laser (995)
Seat 7: crazypix (1305)
Seat 8: Razz22 (2435)
Seat 10: why its dark (4495)
*** ANTE/BLINDS ***
Razz22 posts small blind 40
why its dark posts big blind 80
Dealt to sabre_laser [2c 3c]
*** PRE-FLOP *** 
xXXxADExXXx folds
zoulou62 folds
sabre_laser folds
crazypix folds
Razz22 folds
why its dark collected 120 from pot
*** SUMMARY ***
Total pot 120 | No rake
Seat 10: why its dark (big blind) won 120


Winamax Poker - Tournament "Double or Nothing" buyIn: 0,46€ + 0,04€ level: 4 - HandId: #501678589926703105-36-1429642521 - Holdem no limit (40/80) - 2015/04/21 18:55:21 UTC
Table: 'Double or Nothing(116806149)#0' 10-max (real money) Seat #8 is the button
Seat 1: xXXxADExXXx (2700)
Seat 4: zoulou62 (3070)
Seat 5: sabre_laser (995)
Seat 7: crazypix (1305)
Seat 8: Razz22 (2395)
Seat 10: why its dark (4535)
*** ANTE/BLINDS ***
why its dark posts small blind 40
xXXxADExXXx posts big blind 80
Dealt to sabre_laser [4h Th]
*** PRE-FLOP *** 
zoulou62 folds
sabre_laser folds
crazypix folds
Razz22 folds
why its dark folds
xXXxADExXXx collected 120 from pot
*** SUMMARY ***
Total pot 120 | No rake
Seat 1: xXXxADExXXx (big blind) won 120


Winamax Poker - Tournament "Double or Nothing" buyIn: 0,46€ + 0,04€ level: 4 - HandId: #501678589926703105-37-1429642532 - Holdem no limit (40/80) - 2015/04/21 18:55:32 UTC
Table: 'Double or Nothing(116806149)#0' 10-max (real money) Seat #10 is the button
Seat 1: xXXxADExXXx (2740)
Seat 4: zoulou62 (3070)
Seat 5: sabre_laser (995)
Seat 7: crazypix (1305)
Seat 8: Razz22 (2395)
Seat 10: why its dark (4495)
*** ANTE/BLINDS ***
xXXxADExXXx posts small blind 40
zoulou62 posts big blind 80
Dealt to sabre_laser [4s Kd]
*** PRE-FLOP *** 
sabre_laser folds
crazypix folds
Razz22 folds
why its dark raises 120 to 200
xXXxADExXXx folds
zoulou62 folds
why its dark collected 320 from pot
*** SUMMARY ***
Total pot 320 | No rake
Seat 10: why its dark (button) won 320


Winamax Poker - Tournament "Double or Nothing" buyIn: 0,46€ + 0,04€ level: 4 - HandId: #501678589926703105-38-1429642591 - Holdem no limit (40/80) - 2015/04/21 18:56:31 UTC
Table: 'Double or Nothing(116806149)#0' 10-max (real money) Seat #1 is the button
Seat 1: xXXxADExXXx (2700)
Seat 4: zoulou62 (2990)
Seat 5: sabre_laser (995)
Seat 7: crazypix (1305)
Seat 8: Razz22 (2395)
Seat 10: why its dark (4615)
*** ANTE/BLINDS ***
zoulou62 posts small blind 40
sabre_laser posts big blind 80
Dealt to sabre_laser [2c Js]
*** PRE-FLOP *** 
crazypix folds
Razz22 folds
why its dark folds
xXXxADExXXx folds
zoulou62 calls 40
sabre_laser checks
*** FLOP *** [4h 7h Tc]
zoulou62 bets 160
sabre_laser folds
zoulou62 collected 320 from pot
*** SUMMARY ***
Total pot 320 | No rake
Board: [4h 7h Tc]
Seat 4: zoulou62 (small blind) won 320


Winamax Poker - Tournament "Double or Nothing" buyIn: 0,46€ + 0,04€ level: 4 - HandId: #501678589926703105-39-1429642635 - Holdem no limit (40/80) - 2015/04/21 18:57:15 UTC
Table: 'Double or Nothing(116806149)#0' 10-max (real money) Seat #4 is the button
Seat 1: xXXxADExXXx (2700)
Seat 4: zoulou62 (3070)
Seat 5: sabre_laser (915)
Seat 7: crazypix (1305)
Seat 8: Razz22 (2395)
Seat 10: why its dark (4615)
*** ANTE/BLINDS ***
sabre_laser posts small blind 40
crazypix posts big blind 80
Dealt to sabre_laser [2h 8c]
*** PRE-FLOP *** 
Razz22 folds
why its dark folds
xXXxADExXXx folds
zoulou62 folds
sabre_laser folds
crazypix collected 120 from pot
*** SUMMARY ***
Total pot 120 | No rake
Seat 7: crazypix (big blind) won 120


Winamax Poker - Tournament "Double or Nothing" buyIn: 0,46€ + 0,04€ level: 4 - HandId: #501678589926703105-40-1429642648 - Holdem no limit (40/80) - 2015/04/21 18:57:28 UTC
Table: 'Double or Nothing(116806149)#0' 10-max (real money) Seat #5 is the button
Seat 1: xXXxADExXXx (2700)
Seat 4: zoulou62 (3070)
Seat 5: sabre_laser (875)
Seat 7: crazypix (1345)
Seat 8: Razz22 (2395)
Seat 10: why its dark (4615)
*** ANTE/BLINDS ***
crazypix posts small blind 40
Razz22 posts big blind 80
Dealt to sabre_laser [Tc Kc]
*** PRE-FLOP *** 
why its dark folds
xXXxADExXXx folds
zoulou62 folds
sabre_laser raises 795 to 875 and is all-in
crazypix folds
Razz22 folds
sabre_laser collected 995 from pot
*** SUMMARY ***
Total pot 995 | No rake
Seat 5: sabre_laser (button) won 995


Winamax Poker - Tournament "Double or Nothing" buyIn: 0,46€ + 0,04€ level: 4 - HandId: #501678589926703105-41-1429642674 - Holdem no limit (40/80) - 2015/04/21 18:57:54 UTC
Table: 'Double or Nothing(116806149)#0' 10-max (real money) Seat #7 is the button
Seat 1: xXXxADExXXx (2700)
Seat 4: zoulou62 (3070)
Seat 5: sabre_laser (995)
Seat 7: crazypix (1305)
Seat 8: Razz22 (2315)
Seat 10: why its dark (4615)
*** ANTE/BLINDS ***
Razz22 posts small blind 40
why its dark posts big blind 80
Dealt to sabre_laser [2s 8d]
*** PRE-FLOP *** 
xXXxADExXXx folds
zoulou62 folds
sabre_laser folds
crazypix folds
Razz22 raises 80 to 160
why its dark folds
Razz22 collected 240 from pot
*** SUMMARY ***
Total pot 240 | No rake
Seat 8: Razz22 (small blind) won 240


Winamax Poker - Tournament "Double or Nothing" buyIn: 0,46€ + 0,04€ level: 4 - HandId: #501678589926703105-42-1429642689 - Holdem no limit (40/80) - 2015/04/21 18:58:09 UTC
Table: 'Double or Nothing(116806149)#0' 10-max (real money) Seat #8 is the button
Seat 1: xXXxADExXXx (2700)
Seat 4: zoulou62 (3070)
Seat 5: sabre_laser (995)
Seat 7: crazypix (1305)
Seat 8: Razz22 (2395)
Seat 10: why its dark (4535)
*** ANTE/BLINDS ***
why its dark posts small blind 40
xXXxADExXXx posts big blind 80
Dealt to sabre_laser [9d 5c]
*** PRE-FLOP *** 
zoulou62 folds
sabre_laser folds
crazypix folds
Razz22 folds
why its dark folds
xXXxADExXXx collected 120 from pot
*** SUMMARY ***
Total pot 120 | No rake
Seat 1: xXXxADExXXx (big blind) won 120


Winamax Poker - Tournament "Double or Nothing" buyIn: 0,46€ + 0,04€ level: 5 - HandId: #501678589926703105-43-1429642700 - Holdem no limit (60/120) - 2015/04/21 18:58:20 UTC
Table: 'Double or Nothing(116806149)#0' 10-max (real money) Seat #10 is the button
Seat 1: xXXxADExXXx (2740)
Seat 4: zoulou62 (3070)
Seat 5: sabre_laser (995)
Seat 7: crazypix (1305)
Seat 8: Razz22 (2395)
Seat 10: why its dark (4495)
*** ANTE/BLINDS ***
xXXxADExXXx posts small blind 60
zoulou62 posts big blind 120
Dealt to sabre_laser [Jc Ac]
*** PRE-FLOP *** 
sabre_laser raises 875 to 995 and is all-in
crazypix calls 995
Razz22 folds
why its dark folds
xXXxADExXXx folds
zoulou62 folds
*** FLOP *** [Kd 5d 9c]
*** TURN *** [Kd 5d 9c][4h]
*** RIVER *** [Kd 5d 9c 4h][Ts]
*** SHOW DOWN ***
sabre_laser shows [Jc Ac] (High card : Ace)
crazypix shows [Kh Kc] (Trips of Kings)
crazypix collected 2170 from pot
*** SUMMARY ***
Total pot 2170 | No rake
Board: [Kd 5d 9c 4h Ts]
Seat 5: sabre_laser showed [Jc Ac] and lost with High card : Ace
Seat 7: crazypix showed [Kh Kc] and won 2170 with Trips of Kings


