Winamax Poker - Tournament "Double or Nothing" buyIn: 0,92€ + 0,08€ level: 0 - HandId: #454147556956438529-1-1420482170 - Holdem no limit (10/20) - 2015/01/05 18:22:50 UTC
Table: 'Double or Nothing(105739468)#0' 10-max (real money) Seat #5 is the button
Seat 1: looztomtom77 (1500)
Seat 2: Astarion (1500)
Seat 3: crazypix (1500)
Seat 4: Methedras (1500)
Seat 5: euroviande03 (1500)
Seat 6: sabre_laser (1500)
Seat 7: mike6717 (1500)
Seat 8: G_ZU (1500)
Seat 9: Mik a (1500)
Seat 10: weedyhalein (1500)
*** ANTE/BLINDS ***
sabre_laser posts small blind 10
mike6717 posts big blind 20
Dealt to sabre_laser [7s As]
*** PRE-FLOP *** 
G_ZU folds
Mik a folds
weedyhalein folds
looztomtom77 folds
Astarion folds
crazypix folds
Methedras folds
euroviande03 folds
sabre_laser raises 30 to 50
mike6717 folds
sabre_laser collected 70 from pot
*** SUMMARY ***
Total pot 70 | No rake
Seat 6: sabre_laser (small blind) won 70


Winamax Poker - Tournament "Double or Nothing" buyIn: 0,92€ + 0,08€ level: 0 - HandId: #454147556956438529-2-1420482223 - Holdem no limit (10/20) - 2015/01/05 18:23:43 UTC
Table: 'Double or Nothing(105739468)#0' 10-max (real money) Seat #6 is the button
Seat 1: looztomtom77 (1500)
Seat 2: Astarion (1500)
Seat 3: crazypix (1500)
Seat 4: Methedras (1500)
Seat 5: euroviande03 (1500)
Seat 6: sabre_laser (1520)
Seat 7: mike6717 (1480)
Seat 8: G_ZU (1500)
Seat 9: Mik a (1500)
Seat 10: weedyhalein (1500)
*** ANTE/BLINDS ***
mike6717 posts small blind 10
G_ZU posts big blind 20
Dealt to sabre_laser [2h 9d]
*** PRE-FLOP *** 
Mik a folds
weedyhalein folds
looztomtom77 folds
Astarion folds
crazypix folds
Methedras folds
euroviande03 folds
sabre_laser folds
mike6717 folds
G_ZU collected 30 from pot
*** SUMMARY ***
Total pot 30 | No rake
Seat 8: G_ZU (big blind) won 30


Winamax Poker - Tournament "Double or Nothing" buyIn: 0,92€ + 0,08€ level: 0 - HandId: #454147556956438529-3-1420482258 - Holdem no limit (10/20) - 2015/01/05 18:24:18 UTC
Table: 'Double or Nothing(105739468)#0' 10-max (real money) Seat #7 is the button
Seat 1: looztomtom77 (1500)
Seat 2: Astarion (1500)
Seat 3: crazypix (1500)
Seat 4: Methedras (1500)
Seat 5: euroviande03 (1500)
Seat 6: sabre_laser (1520)
Seat 7: mike6717 (1470)
Seat 8: G_ZU (1510)
Seat 9: Mik a (1500)
Seat 10: weedyhalein (1500)
*** ANTE/BLINDS ***
G_ZU posts small blind 10
Mik a posts big blind 20
Dealt to sabre_laser [2c 8s]
*** PRE-FLOP *** 
weedyhalein raises 60 to 80
looztomtom77 folds
Astarion folds
crazypix folds
Methedras folds
euroviande03 calls 80
sabre_laser folds
mike6717 calls 80
G_ZU folds
Mik a folds
*** FLOP *** [Kd 6h Js]
weedyhalein checks
euroviande03 bets 270
mike6717 calls 270
weedyhalein folds
*** TURN *** [Kd 6h Js][Td]
euroviande03 checks
mike6717 bets 1120 and is all-in
euroviande03 folds
mike6717 collected 1930 from pot
*** SUMMARY ***
Total pot 1930 | No rake
Board: [Kd 6h Js Td]
Seat 7: mike6717 (button) won 1930


Winamax Poker - Tournament "Double or Nothing" buyIn: 0,92€ + 0,08€ level: 0 - HandId: #454147556956438529-4-1420482345 - Holdem no limit (10/20) - 2015/01/05 18:25:45 UTC
Table: 'Double or Nothing(105739468)#0' 10-max (real money) Seat #8 is the button
Seat 1: looztomtom77 (1500)
Seat 2: Astarion (1500)
Seat 3: crazypix (1500)
Seat 4: Methedras (1500)
Seat 5: euroviande03 (1150)
Seat 6: sabre_laser (1520)
Seat 7: mike6717 (1930)
Seat 8: G_ZU (1500)
Seat 9: Mik a (1480)
Seat 10: weedyhalein (1420)
*** ANTE/BLINDS ***
Mik a posts small blind 10
weedyhalein posts big blind 20
Dealt to sabre_laser [Ts 6s]
*** PRE-FLOP *** 
looztomtom77 folds
Astarion raises 80 to 100
crazypix folds
Methedras folds
euroviande03 raises 1050 to 1150 and is all-in
sabre_laser folds
mike6717 folds
G_ZU folds
Mik a folds
weedyhalein folds
Astarion calls 1050
*** FLOP *** [4d Qc 5s]
*** TURN *** [4d Qc 5s][6d]
*** RIVER *** [4d Qc 5s 6d][5h]
*** SHOW DOWN ***
euroviande03 shows [Qs Ad] (Two pairs : Queens and 5)
Astarion shows [Ks Kh] (Two pairs : Kings and 5)
Astarion collected 2330 from pot
*** SUMMARY ***
Total pot 2330 | No rake
Board: [4d Qc 5s 6d 5h]
Seat 2: Astarion showed [Ks Kh] and won 2330 with Two pairs : Kings and 5
Seat 5: euroviande03 showed [Qs Ad] and lost with Two pairs : Queens and 5


Winamax Poker - Tournament "Double or Nothing" buyIn: 0,92€ + 0,08€ level: 0 - HandId: #454147556956438529-5-1420482379 - Holdem no limit (10/20) - 2015/01/05 18:26:19 UTC
Table: 'Double or Nothing(105739468)#0' 10-max (real money) Seat #9 is the button
Seat 1: looztomtom77 (1500)
Seat 2: Astarion (2680)
Seat 3: crazypix (1500)
Seat 4: Methedras (1500)
Seat 6: sabre_laser (1520)
Seat 7: mike6717 (1930)
Seat 8: G_ZU (1500)
Seat 9: Mik a (1470)
Seat 10: weedyhalein (1400)
*** ANTE/BLINDS ***
weedyhalein posts small blind 10
looztomtom77 posts big blind 20
Dealt to sabre_laser [7c 4h]
*** PRE-FLOP *** 
Astarion folds
crazypix folds
Methedras folds
sabre_laser folds
mike6717 folds
G_ZU folds
Mik a raises 40 to 60
weedyhalein folds
looztomtom77 folds
Mik a collected 90 from pot
*** SUMMARY ***
Total pot 90 | No rake
Seat 9: Mik a (button) won 90


Winamax Poker - Tournament "Double or Nothing" buyIn: 0,92€ + 0,08€ level: 0 - HandId: #454147556956438529-6-1420482414 - Holdem no limit (10/20) - 2015/01/05 18:26:54 UTC
Table: 'Double or Nothing(105739468)#0' 10-max (real money) Seat #10 is the button
Seat 1: looztomtom77 (1480)
Seat 2: Astarion (2680)
Seat 3: crazypix (1500)
Seat 4: Methedras (1500)
Seat 6: sabre_laser (1520)
Seat 7: mike6717 (1930)
Seat 8: G_ZU (1500)
Seat 9: Mik a (1500)
Seat 10: weedyhalein (1390)
*** ANTE/BLINDS ***
looztomtom77 posts small blind 10
Astarion posts big blind 20
Dealt to sabre_laser [7c Kc]
*** PRE-FLOP *** 
crazypix folds
Methedras calls 20
sabre_laser folds
mike6717 calls 20
G_ZU folds
Mik a calls 20
weedyhalein calls 20
looztomtom77 folds
Astarion checks
*** FLOP *** [4c Jh Td]
Astarion checks
Methedras bets 50
mike6717 calls 50
Mik a folds
weedyhalein folds
Astarion calls 50
*** TURN *** [4c Jh Td][7h]
Astarion checks
Methedras checks
mike6717 bets 100
Astarion calls 100
Methedras calls 100
*** RIVER *** [4c Jh Td 7h][3d]
Astarion checks
Methedras checks
mike6717 bets 200
Astarion folds
Methedras calls 200
*** SHOW DOWN ***
Methedras shows [Jd Qc] (One pair : Jacks)
mike6717 shows [4s 4h] (Trips of 4)
mike6717 collected 960 from pot
*** SUMMARY ***
Total pot 960 | No rake
Board: [4c Jh Td 7h 3d]
Seat 4: Methedras showed [Jd Qc] and lost with One pair : Jacks
Seat 7: mike6717 showed [4s 4h] and won 960 with Trips of 4


Winamax Poker - Tournament "Double or Nothing" buyIn: 0,92€ + 0,08€ level: 1 - HandId: #454147556956438529-7-1420482561 - Holdem no limit (15/30) - 2015/01/05 18:29:21 UTC
Table: 'Double or Nothing(105739468)#0' 10-max (real money) Seat #1 is the button
Seat 1: looztomtom77 (1470)
Seat 2: Astarion (2510)
Seat 3: crazypix (1500)
Seat 4: Methedras (1130)
Seat 6: sabre_laser (1520)
Seat 7: mike6717 (2520)
Seat 8: G_ZU (1500)
Seat 9: Mik a (1480)
Seat 10: weedyhalein (1370)
*** ANTE/BLINDS ***
Astarion posts small blind 15
crazypix posts big blind 30
Dealt to sabre_laser [5s Ts]
*** PRE-FLOP *** 
Methedras folds
sabre_laser folds
mike6717 folds
G_ZU folds
Mik a raises 30 to 60
weedyhalein folds
looztomtom77 folds
Astarion folds
crazypix folds
Mik a collected 105 from pot
*** SUMMARY ***
Total pot 105 | No rake
Seat 9: Mik a won 105


Winamax Poker - Tournament "Double or Nothing" buyIn: 0,92€ + 0,08€ level: 1 - HandId: #454147556956438529-8-1420482603 - Holdem no limit (15/30) - 2015/01/05 18:30:03 UTC
Table: 'Double or Nothing(105739468)#0' 10-max (real money) Seat #2 is the button
Seat 1: looztomtom77 (1470)
Seat 2: Astarion (2495)
Seat 3: crazypix (1470)
Seat 4: Methedras (1130)
Seat 6: sabre_laser (1520)
Seat 7: mike6717 (2520)
Seat 8: G_ZU (1500)
Seat 9: Mik a (1525)
Seat 10: weedyhalein (1370)
*** ANTE/BLINDS ***
crazypix posts small blind 15
Methedras posts big blind 30
Dealt to sabre_laser [Jh 9d]
*** PRE-FLOP *** 
sabre_laser folds
mike6717 folds
G_ZU folds
Mik a folds
weedyhalein raises 30 to 60
looztomtom77 folds
Astarion calls 60
crazypix folds
Methedras calls 30
*** FLOP *** [9h 7d Jc]
Methedras checks
weedyhalein checks
Astarion bets 100
Methedras calls 100
weedyhalein folds
*** TURN *** [9h 7d Jc][2c]
Methedras checks
Astarion bets 250
Methedras folds
Astarion collected 645 from pot
*** SUMMARY ***
Total pot 645 | No rake
Board: [9h 7d Jc 2c]
Seat 2: Astarion (button) won 645


Winamax Poker - Tournament "Double or Nothing" buyIn: 0,92€ + 0,08€ level: 1 - HandId: #454147556956438529-9-1420482677 - Holdem no limit (15/30) - 2015/01/05 18:31:17 UTC
Table: 'Double or Nothing(105739468)#0' 10-max (real money) Seat #3 is the button
Seat 1: looztomtom77 (1470)
Seat 2: Astarion (2730)
Seat 3: crazypix (1455)
Seat 4: Methedras (970)
Seat 6: sabre_laser (1520)
Seat 7: mike6717 (2520)
Seat 8: G_ZU (1500)
Seat 9: Mik a (1525)
Seat 10: weedyhalein (1310)
*** ANTE/BLINDS ***
Methedras posts small blind 15
sabre_laser posts big blind 30
Dealt to sabre_laser [9s Qs]
*** PRE-FLOP *** 
mike6717 folds
G_ZU folds
Mik a folds
weedyhalein folds
looztomtom77 folds
Astarion folds
crazypix folds
Methedras folds
sabre_laser collected 45 from pot
*** SUMMARY ***
Total pot 45 | No rake
Seat 6: sabre_laser (big blind) won 45


Winamax Poker - Tournament "Double or Nothing" buyIn: 0,92€ + 0,08€ level: 1 - HandId: #454147556956438529-10-1420482697 - Holdem no limit (15/30) - 2015/01/05 18:31:37 UTC
Table: 'Double or Nothing(105739468)#0' 10-max (real money) Seat #4 is the button
Seat 1: looztomtom77 (1470)
Seat 2: Astarion (2730)
Seat 3: crazypix (1455)
Seat 4: Methedras (955)
Seat 6: sabre_laser (1535)
Seat 7: mike6717 (2520)
Seat 8: G_ZU (1500)
Seat 9: Mik a (1525)
Seat 10: weedyhalein (1310)
*** ANTE/BLINDS ***
sabre_laser posts small blind 15
mike6717 posts big blind 30
Dealt to sabre_laser [Ah 8h]
*** PRE-FLOP *** 
G_ZU folds
Mik a folds
weedyhalein calls 30
looztomtom77 folds
Astarion folds
crazypix folds
Methedras calls 30
sabre_laser calls 15
mike6717 checks
*** FLOP *** [6d 2h Th]
sabre_laser checks
mike6717 checks
weedyhalein bets 30
Methedras raises 120 to 150
sabre_laser calls 150
mike6717 folds
weedyhalein folds
*** TURN *** [6d 2h Th][4s]
sabre_laser checks
Methedras bets 150
sabre_laser calls 150
*** RIVER *** [6d 2h Th 4s][8c]
sabre_laser checks
Methedras bets 625 and is all-in
sabre_laser folds
Methedras collected 1375 from pot
*** SUMMARY ***
Total pot 1375 | No rake
Board: [6d 2h Th 4s 8c]
Seat 4: Methedras (button) won 1375


Winamax Poker - Tournament "Double or Nothing" buyIn: 0,92€ + 0,08€ level: 1 - HandId: #454147556956438529-11-1420482788 - Holdem no limit (15/30) - 2015/01/05 18:33:08 UTC
Table: 'Double or Nothing(105739468)#0' 10-max (real money) Seat #6 is the button
Seat 1: looztomtom77 (1470)
Seat 2: Astarion (2730)
Seat 3: crazypix (1455)
Seat 4: Methedras (1375)
Seat 6: sabre_laser (1205)
Seat 7: mike6717 (2490)
Seat 8: G_ZU (1500)
Seat 9: Mik a (1525)
Seat 10: weedyhalein (1250)
*** ANTE/BLINDS ***
mike6717 posts small blind 15
G_ZU posts big blind 30
Dealt to sabre_laser [Ks 5c]
*** PRE-FLOP *** 
Mik a folds
weedyhalein folds
looztomtom77 folds
Astarion folds
crazypix folds
Methedras folds
sabre_laser folds
mike6717 folds
G_ZU collected 45 from pot
*** SUMMARY ***
Total pot 45 | No rake
Seat 8: G_ZU (big blind) won 45


Winamax Poker - Tournament "Double or Nothing" buyIn: 0,92€ + 0,08€ level: 1 - HandId: #454147556956438529-12-1420482813 - Holdem no limit (15/30) - 2015/01/05 18:33:33 UTC
Table: 'Double or Nothing(105739468)#0' 10-max (real money) Seat #7 is the button
Seat 1: looztomtom77 (1470)
Seat 2: Astarion (2730)
Seat 3: crazypix (1455)
Seat 4: Methedras (1375)
Seat 6: sabre_laser (1205)
Seat 7: mike6717 (2475)
Seat 8: G_ZU (1515)
Seat 9: Mik a (1525)
Seat 10: weedyhalein (1250)
*** ANTE/BLINDS ***
G_ZU posts small blind 15
Mik a posts big blind 30
Dealt to sabre_laser [2h 8s]
*** PRE-FLOP *** 
weedyhalein folds
looztomtom77 folds
Astarion folds
crazypix folds
Methedras calls 30
sabre_laser folds
mike6717 folds
G_ZU folds
Mik a raises 90 to 120
Methedras calls 90
*** FLOP *** [4h 8c 3s]
Mik a bets 127
Methedras calls 127
*** TURN *** [4h 8c 3s][4d]
Mik a bets 254
Methedras folds
Mik a collected 763 from pot
*** SUMMARY ***
Total pot 763 | No rake
Board: [4h 8c 3s 4d]
Seat 9: Mik a (big blind) won 763


Winamax Poker - Tournament "Double or Nothing" buyIn: 0,92€ + 0,08€ level: 1 - HandId: #454147556956438529-13-1420482865 - Holdem no limit (15/30) - 2015/01/05 18:34:25 UTC
Table: 'Double or Nothing(105739468)#0' 10-max (real money) Seat #8 is the button
Seat 1: looztomtom77 (1470)
Seat 2: Astarion (2730)
Seat 3: crazypix (1455)
Seat 4: Methedras (1128)
Seat 6: sabre_laser (1205)
Seat 7: mike6717 (2475)
Seat 8: G_ZU (1500)
Seat 9: Mik a (1787)
Seat 10: weedyhalein (1250)
*** ANTE/BLINDS ***
Mik a posts small blind 15
weedyhalein posts big blind 30
Dealt to sabre_laser [5s 2s]
*** PRE-FLOP *** 
looztomtom77 folds
Astarion folds
crazypix folds
Methedras folds
sabre_laser folds
mike6717 folds
G_ZU folds
Mik a raises 60 to 90
weedyhalein calls 60
*** FLOP *** [6h Ad Qc]
Mik a bets 30
weedyhalein calls 30
*** TURN *** [6h Ad Qc][Qs]
Mik a bets 30
weedyhalein calls 30
*** RIVER *** [6h Ad Qc Qs][2h]
Mik a bets 225
weedyhalein raises 750 to 975
Mik a raises 662 to 1637 and is all-in
weedyhalein calls 125 and is all-in
*** SHOW DOWN ***
weedyhalein shows [7h As] (Two pairs : Aces and Queens)
Mik a shows [Kh Qh] (Trips of Queens)
Mik a collected 3037 from pot
*** SUMMARY ***
Total pot 3037 | No rake
Board: [6h Ad Qc Qs 2h]
Seat 9: Mik a (small blind) showed [Kh Qh] and won 3037 with Trips of Queens
Seat 10: weedyhalein (big blind) showed [7h As] and lost with Two pairs : Aces and Queens


Winamax Poker - Tournament "Double or Nothing" buyIn: 0,92€ + 0,08€ level: 2 - HandId: #454147556956438529-14-1420482933 - Holdem no limit (20/40) - 2015/01/05 18:35:33 UTC
Table: 'Double or Nothing(105739468)#0' 10-max (real money) Seat #9 is the button
Seat 1: looztomtom77 (1470)
Seat 2: Astarion (2730)
Seat 3: crazypix (1455)
Seat 4: Methedras (1128)
Seat 6: sabre_laser (1205)
Seat 7: mike6717 (2475)
Seat 8: G_ZU (1500)
Seat 9: Mik a (3037)
*** ANTE/BLINDS ***
looztomtom77 posts big blind 40
Dealt to sabre_laser [5h 6c]
*** PRE-FLOP *** 
Astarion folds
crazypix folds
Methedras calls 40
sabre_laser folds
mike6717 folds
G_ZU folds
Mik a folds
looztomtom77 checks
*** FLOP *** [2s Qh 3d]
looztomtom77 checks
Methedras checks
*** TURN *** [2s Qh 3d][7h]
looztomtom77 checks
Methedras checks
*** RIVER *** [2s Qh 3d 7h][Qd]
looztomtom77 checks
Methedras checks
*** SHOW DOWN ***
Methedras shows [Kd 9c] (One pair : Queens)
looztomtom77 shows [3c 5s] (Two pairs : Queens and 3)
looztomtom77 collected 80 from pot
*** SUMMARY ***
Total pot 80 | No rake
Board: [2s Qh 3d 7h Qd]
Seat 1: looztomtom77 (big blind) showed [3c 5s] and won 80 with Two pairs : Queens and 3
Seat 4: Methedras showed [Kd 9c] and lost with One pair : Queens


Winamax Poker - Tournament "Double or Nothing" buyIn: 0,92€ + 0,08€ level: 2 - HandId: #454147556956438529-15-1420482989 - Holdem no limit (20/40) - 2015/01/05 18:36:29 UTC
Table: 'Double or Nothing(105739468)#0' 10-max (real money) Seat #10 is the button
Seat 1: looztomtom77 (1510)
Seat 2: Astarion (2730)
Seat 3: crazypix (1455)
Seat 4: Methedras (1088)
Seat 6: sabre_laser (1205)
Seat 7: mike6717 (2475)
Seat 8: G_ZU (1500)
Seat 9: Mik a (3037)
*** ANTE/BLINDS ***
looztomtom77 posts small blind 20
Astarion posts big blind 40
Dealt to sabre_laser [5d Kh]
*** PRE-FLOP *** 
crazypix folds
Methedras folds
sabre_laser folds
mike6717 folds
G_ZU folds
Mik a calls 40
looztomtom77 folds
Astarion checks
*** FLOP *** [3s 8h As]
Astarion checks
Mik a bets 40
Astarion folds
Mik a collected 140 from pot
*** SUMMARY ***
Total pot 140 | No rake
Board: [3s 8h As]
Seat 9: Mik a won 140


Winamax Poker - Tournament "Double or Nothing" buyIn: 0,92€ + 0,08€ level: 2 - HandId: #454147556956438529-16-1420483036 - Holdem no limit (20/40) - 2015/01/05 18:37:16 UTC
Table: 'Double or Nothing(105739468)#0' 10-max (real money) Seat #1 is the button
Seat 1: looztomtom77 (1490)
Seat 2: Astarion (2690)
Seat 3: crazypix (1455)
Seat 4: Methedras (1088)
Seat 6: sabre_laser (1205)
Seat 7: mike6717 (2475)
Seat 8: G_ZU (1500)
Seat 9: Mik a (3097)
*** ANTE/BLINDS ***
Astarion posts small blind 20
crazypix posts big blind 40
Dealt to sabre_laser [Ks 4c]
*** PRE-FLOP *** 
Methedras folds
sabre_laser folds
mike6717 folds
G_ZU folds
Mik a folds
looztomtom77 folds
Astarion raises 60 to 100
crazypix folds
Astarion collected 140 from pot
*** SUMMARY ***
Total pot 140 | No rake
Seat 2: Astarion (small blind) won 140


Winamax Poker - Tournament "Double or Nothing" buyIn: 0,92€ + 0,08€ level: 2 - HandId: #454147556956438529-17-1420483059 - Holdem no limit (20/40) - 2015/01/05 18:37:39 UTC
Table: 'Double or Nothing(105739468)#0' 10-max (real money) Seat #2 is the button
Seat 1: looztomtom77 (1490)
Seat 2: Astarion (2730)
Seat 3: crazypix (1415)
Seat 4: Methedras (1088)
Seat 6: sabre_laser (1205)
Seat 7: mike6717 (2475)
Seat 8: G_ZU (1500)
Seat 9: Mik a (3097)
*** ANTE/BLINDS ***
crazypix posts small blind 20
Methedras posts big blind 40
Dealt to sabre_laser [Qh 2d]
*** PRE-FLOP *** 
sabre_laser folds
mike6717 folds
G_ZU folds
Mik a folds
looztomtom77 folds
Astarion raises 60 to 100
crazypix folds
Methedras folds
Astarion collected 160 from pot
*** SUMMARY ***
Total pot 160 | No rake
Seat 2: Astarion (button) won 160


Winamax Poker - Tournament "Double or Nothing" buyIn: 0,92€ + 0,08€ level: 2 - HandId: #454147556956438529-18-1420483094 - Holdem no limit (20/40) - 2015/01/05 18:38:14 UTC
Table: 'Double or Nothing(105739468)#0' 10-max (real money) Seat #3 is the button
Seat 1: looztomtom77 (1490)
Seat 2: Astarion (2790)
Seat 3: crazypix (1395)
Seat 4: Methedras (1048)
Seat 6: sabre_laser (1205)
Seat 7: mike6717 (2475)
Seat 8: G_ZU (1500)
Seat 9: Mik a (3097)
*** ANTE/BLINDS ***
Methedras posts small blind 20
sabre_laser posts big blind 40
Dealt to sabre_laser [Ks 8d]
*** PRE-FLOP *** 
mike6717 folds
G_ZU folds
Mik a raises 40 to 80
looztomtom77 folds
Astarion folds
crazypix folds
Methedras folds
sabre_laser calls 40
*** FLOP *** [Kc 8c 2c]
sabre_laser bets 80
Mik a calls 80
*** TURN *** [Kc 8c 2c][Qd]
sabre_laser bets 340
Mik a folds
sabre_laser collected 680 from pot
*** SUMMARY ***
Total pot 680 | No rake
Board: [Kc 8c 2c Qd]
Seat 6: sabre_laser (big blind) won 680


Winamax Poker - Tournament "Double or Nothing" buyIn: 0,92€ + 0,08€ level: 2 - HandId: #454147556956438529-19-1420483151 - Holdem no limit (20/40) - 2015/01/05 18:39:11 UTC
Table: 'Double or Nothing(105739468)#0' 10-max (real money) Seat #4 is the button
Seat 1: looztomtom77 (1490)
Seat 2: Astarion (2790)
Seat 3: crazypix (1395)
Seat 4: Methedras (1028)
Seat 6: sabre_laser (1385)
Seat 7: mike6717 (2475)
Seat 8: G_ZU (1500)
Seat 9: Mik a (2937)
*** ANTE/BLINDS ***
sabre_laser posts small blind 20
mike6717 posts big blind 40
Dealt to sabre_laser [5h 8d]
*** PRE-FLOP *** 
G_ZU folds
Mik a raises 40 to 80
looztomtom77 raises 1410 to 1490 and is all-in
Astarion folds
crazypix folds
Methedras folds
sabre_laser folds
mike6717 folds
Mik a folds
looztomtom77 shows [Kc Ks] (One pair : Kings)
looztomtom77 collected 1630 from pot
*** SUMMARY ***
Total pot 1630 | No rake
Seat 1: looztomtom77 showed [Kc Ks] and won 1630 with One pair : Kings


Winamax Poker - Tournament "Double or Nothing" buyIn: 0,92€ + 0,08€ level: 2 - HandId: #454147556956438529-20-1420483192 - Holdem no limit (20/40) - 2015/01/05 18:39:52 UTC
Table: 'Double or Nothing(105739468)#0' 10-max (real money) Seat #6 is the button
Seat 1: looztomtom77 (1630)
Seat 2: Astarion (2790)
Seat 3: crazypix (1395)
Seat 4: Methedras (1028)
Seat 6: sabre_laser (1365)
Seat 7: mike6717 (2435)
Seat 8: G_ZU (1500)
Seat 9: Mik a (2857)
*** ANTE/BLINDS ***
mike6717 posts small blind 20
G_ZU posts big blind 40
Dealt to sabre_laser [Qs 9c]
*** PRE-FLOP *** 
Mik a folds
looztomtom77 folds
Astarion folds
crazypix folds
Methedras calls 40
sabre_laser folds
mike6717 calls 20
G_ZU checks
*** FLOP *** [Ah Qd Ks]
mike6717 checks
G_ZU checks
Methedras checks
*** TURN *** [Ah Qd Ks][6d]
mike6717 checks
G_ZU checks
Methedras checks
*** RIVER *** [Ah Qd Ks 6d][Js]
mike6717 checks
G_ZU checks
Methedras bets 400
mike6717 folds
G_ZU folds
Methedras collected 520 from pot
*** SUMMARY ***
Total pot 520 | No rake
Board: [Ah Qd Ks 6d Js]
Seat 4: Methedras won 520


Winamax Poker - Tournament "Double or Nothing" buyIn: 0,92€ + 0,08€ level: 3 - HandId: #454147556956438529-21-1420483391 - Holdem no limit (30/60) - 2015/01/05 18:43:11 UTC
Table: 'Double or Nothing(105739468)#0' 10-max (real money) Seat #7 is the button
Seat 1: looztomtom77 (1630)
Seat 2: Astarion (2790)
Seat 3: crazypix (1395)
Seat 4: Methedras (1108)
Seat 6: sabre_laser (1365)
Seat 7: mike6717 (2395)
Seat 8: G_ZU (1460)
Seat 9: Mik a (2857)
*** ANTE/BLINDS ***
G_ZU posts small blind 30
Mik a posts big blind 60
Dealt to sabre_laser [Ts 9c]
*** PRE-FLOP *** 
looztomtom77 folds
Astarion folds
crazypix folds
Methedras folds
sabre_laser folds
mike6717 folds
G_ZU folds
Mik a collected 90 from pot
*** SUMMARY ***
Total pot 90 | No rake
Seat 9: Mik a (big blind) won 90


Winamax Poker - Tournament "Double or Nothing" buyIn: 0,92€ + 0,08€ level: 3 - HandId: #454147556956438529-22-1420483413 - Holdem no limit (30/60) - 2015/01/05 18:43:33 UTC
Table: 'Double or Nothing(105739468)#0' 10-max (real money) Seat #8 is the button
Seat 1: looztomtom77 (1630)
Seat 2: Astarion (2790)
Seat 3: crazypix (1395)
Seat 4: Methedras (1108)
Seat 6: sabre_laser (1365)
Seat 7: mike6717 (2395)
Seat 8: G_ZU (1430)
Seat 9: Mik a (2887)
*** ANTE/BLINDS ***
Mik a posts small blind 30
looztomtom77 posts big blind 60
Dealt to sabre_laser [8c 8d]
*** PRE-FLOP *** 
Astarion folds
crazypix folds
Methedras folds
sabre_laser raises 90 to 150
mike6717 folds
G_ZU folds
Mik a calls 120
looztomtom77 folds
*** FLOP *** [4c Ts 7h]
Mik a bets 60
sabre_laser calls 60
*** TURN *** [4c Ts 7h][4h]
Mik a bets 60
sabre_laser raises 270 to 330
Mik a folds
sabre_laser collected 870 from pot
*** SUMMARY ***
Total pot 870 | No rake
Board: [4c Ts 7h 4h]
Seat 6: sabre_laser won 870


Winamax Poker - Tournament "Double or Nothing" buyIn: 0,92€ + 0,08€ level: 3 - HandId: #454147556956438529-23-1420483512 - Holdem no limit (30/60) - 2015/01/05 18:45:12 UTC
Table: 'Double or Nothing(105739468)#0' 10-max (real money) Seat #9 is the button
Seat 1: looztomtom77 (1570)
Seat 2: Astarion (2790)
Seat 3: crazypix (1395)
Seat 4: Methedras (1108)
Seat 6: sabre_laser (1695)
Seat 7: mike6717 (2395)
Seat 8: G_ZU (1430)
Seat 9: Mik a (2617)
*** ANTE/BLINDS ***
looztomtom77 posts small blind 30
Astarion posts big blind 60
Dealt to sabre_laser [Ac Jc]
*** PRE-FLOP *** 
crazypix folds
Methedras calls 60
sabre_laser folds
mike6717 folds
G_ZU folds
Mik a folds
looztomtom77 raises 1510 to 1570 and is all-in
Astarion folds
Methedras folds
looztomtom77 shows [Ad Ks] (High card : Ace)
looztomtom77 collected 1690 from pot
*** SUMMARY ***
Total pot 1690 | No rake
Seat 1: looztomtom77 (small blind) showed [Ad Ks] and won 1690 with High card : Ace


Winamax Poker - Tournament "Double or Nothing" buyIn: 0,92€ + 0,08€ level: 3 - HandId: #454147556956438529-24-1420483556 - Holdem no limit (30/60) - 2015/01/05 18:45:56 UTC
Table: 'Double or Nothing(105739468)#0' 10-max (real money) Seat #1 is the button
Seat 1: looztomtom77 (1690)
Seat 2: Astarion (2730)
Seat 3: crazypix (1395)
Seat 4: Methedras (1048)
Seat 6: sabre_laser (1695)
Seat 7: mike6717 (2395)
Seat 8: G_ZU (1430)
Seat 9: Mik a (2617)
*** ANTE/BLINDS ***
Astarion posts small blind 30
crazypix posts big blind 60
Dealt to sabre_laser [Kd Ad]
*** PRE-FLOP *** 
Methedras folds
sabre_laser raises 90 to 150
mike6717 folds
G_ZU folds
Mik a folds
looztomtom77 folds
Astarion folds
crazypix raises 90 to 240
sabre_laser raises 1455 to 1695 and is all-in
crazypix folds
sabre_laser collected 1965 from pot
*** SUMMARY ***
Total pot 1965 | No rake
Seat 6: sabre_laser won 1965


Winamax Poker - Tournament "Double or Nothing" buyIn: 0,92€ + 0,08€ level: 3 - HandId: #454147556956438529-25-1420483591 - Holdem no limit (30/60) - 2015/01/05 18:46:31 UTC
Table: 'Double or Nothing(105739468)#0' 10-max (real money) Seat #2 is the button
Seat 1: looztomtom77 (1690)
Seat 2: Astarion (2700)
Seat 3: crazypix (1155)
Seat 4: Methedras (1048)
Seat 6: sabre_laser (1965)
Seat 7: mike6717 (2395)
Seat 8: G_ZU (1430)
Seat 9: Mik a (2617)
*** ANTE/BLINDS ***
crazypix posts small blind 30
Methedras posts big blind 60
Dealt to sabre_laser [7s 6s]
*** PRE-FLOP *** 
sabre_laser folds
mike6717 folds
G_ZU folds
Mik a folds
looztomtom77 folds
Astarion folds
crazypix calls 30
Methedras checks
*** FLOP *** [As 6d Qd]
crazypix bets 60
Methedras calls 60
*** TURN *** [As 6d Qd][4d]
crazypix checks
Methedras bets 150
crazypix calls 150
*** RIVER *** [As 6d Qd 4d][Qh]
crazypix checks
Methedras checks
*** SHOW DOWN ***
Methedras shows [Ts Ac] (Two pairs : Aces and Queens)
crazypix shows [Jc Ah] (Two pairs : Aces and Queens)
crazypix collected 540 from pot
*** SUMMARY ***
Total pot 540 | No rake
Board: [As 6d Qd 4d Qh]
Seat 3: crazypix (small blind) showed [Jc Ah] and won 540 with Two pairs : Aces and Queens
Seat 4: Methedras (big blind) showed [Ts Ac] and lost with Two pairs : Aces and Queens


Winamax Poker - Tournament "Double or Nothing" buyIn: 0,92€ + 0,08€ level: 4 - HandId: #454147556956438529-26-1420483661 - Holdem no limit (40/80) - 2015/01/05 18:47:41 UTC
Table: 'Double or Nothing(105739468)#0' 10-max (real money) Seat #3 is the button
Seat 1: looztomtom77 (1690)
Seat 2: Astarion (2700)
Seat 3: crazypix (1425)
Seat 4: Methedras (778)
Seat 6: sabre_laser (1965)
Seat 7: mike6717 (2395)
Seat 8: G_ZU (1430)
Seat 9: Mik a (2617)
*** ANTE/BLINDS ***
Methedras posts small blind 40
sabre_laser posts big blind 80
Dealt to sabre_laser [5h 9c]
*** PRE-FLOP *** 
mike6717 folds
G_ZU folds
Mik a folds
looztomtom77 folds
Astarion folds
crazypix folds
Methedras folds
sabre_laser collected 120 from pot
*** SUMMARY ***
Total pot 120 | No rake
Seat 6: sabre_laser (big blind) won 120


Winamax Poker - Tournament "Double or Nothing" buyIn: 0,92€ + 0,08€ level: 4 - HandId: #454147556956438529-27-1420483692 - Holdem no limit (40/80) - 2015/01/05 18:48:12 UTC
Table: 'Double or Nothing(105739468)#0' 10-max (real money) Seat #4 is the button
Seat 1: looztomtom77 (1690)
Seat 2: Astarion (2700)
Seat 3: crazypix (1425)
Seat 4: Methedras (738)
Seat 6: sabre_laser (2005)
Seat 7: mike6717 (2395)
Seat 8: G_ZU (1430)
Seat 9: Mik a (2617)
*** ANTE/BLINDS ***
sabre_laser posts small blind 40
mike6717 posts big blind 80
Dealt to sabre_laser [9c 4d]
*** PRE-FLOP *** 
G_ZU folds
Mik a folds
looztomtom77 folds
Astarion raises 120 to 200
crazypix folds
Methedras folds
sabre_laser folds
mike6717 folds
Astarion collected 320 from pot
*** SUMMARY ***
Total pot 320 | No rake
Seat 2: Astarion won 320


Winamax Poker - Tournament "Double or Nothing" buyIn: 0,92€ + 0,08€ level: 4 - HandId: #454147556956438529-28-1420483721 - Holdem no limit (40/80) - 2015/01/05 18:48:41 UTC
Table: 'Double or Nothing(105739468)#0' 10-max (real money) Seat #6 is the button
Seat 1: looztomtom77 (1690)
Seat 2: Astarion (2820)
Seat 3: crazypix (1425)
Seat 4: Methedras (738)
Seat 6: sabre_laser (1965)
Seat 7: mike6717 (2315)
Seat 8: G_ZU (1430)
Seat 9: Mik a (2617)
*** ANTE/BLINDS ***
mike6717 posts small blind 40
G_ZU posts big blind 80
Dealt to sabre_laser [8c 9h]
*** PRE-FLOP *** 
Mik a folds
looztomtom77 folds
Astarion folds
crazypix folds
Methedras folds
sabre_laser folds
mike6717 folds
G_ZU collected 120 from pot
*** SUMMARY ***
Total pot 120 | No rake
Seat 8: G_ZU (big blind) won 120


Winamax Poker - Tournament "Double or Nothing" buyIn: 0,92€ + 0,08€ level: 4 - HandId: #454147556956438529-29-1420483739 - Holdem no limit (40/80) - 2015/01/05 18:48:59 UTC
Table: 'Double or Nothing(105739468)#0' 10-max (real money) Seat #7 is the button
Seat 1: looztomtom77 (1690)
Seat 2: Astarion (2820)
Seat 3: crazypix (1425)
Seat 4: Methedras (738)
Seat 6: sabre_laser (1965)
Seat 7: mike6717 (2275)
Seat 8: G_ZU (1470)
Seat 9: Mik a (2617)
*** ANTE/BLINDS ***
G_ZU posts small blind 40
Mik a posts big blind 80
Dealt to sabre_laser [3s Td]
*** PRE-FLOP *** 
looztomtom77 folds
Astarion folds
crazypix folds
Methedras folds
sabre_laser folds
mike6717 folds
G_ZU folds
Mik a collected 120 from pot
*** SUMMARY ***
Total pot 120 | No rake
Seat 9: Mik a (big blind) won 120


Winamax Poker - Tournament "Double or Nothing" buyIn: 0,92€ + 0,08€ level: 4 - HandId: #454147556956438529-30-1420483757 - Holdem no limit (40/80) - 2015/01/05 18:49:17 UTC
Table: 'Double or Nothing(105739468)#0' 10-max (real money) Seat #8 is the button
Seat 1: looztomtom77 (1690)
Seat 2: Astarion (2820)
Seat 3: crazypix (1425)
Seat 4: Methedras (738)
Seat 6: sabre_laser (1965)
Seat 7: mike6717 (2275)
Seat 8: G_ZU (1430)
Seat 9: Mik a (2657)
*** ANTE/BLINDS ***
Mik a posts small blind 40
looztomtom77 posts big blind 80
Dealt to sabre_laser [4h 8d]
*** PRE-FLOP *** 
Astarion folds
crazypix folds
Methedras folds
sabre_laser folds
mike6717 folds
G_ZU folds
Mik a raises 80 to 160
looztomtom77 folds
Mik a collected 240 from pot
*** SUMMARY ***
Total pot 240 | No rake
Seat 9: Mik a (small blind) won 240


Winamax Poker - Tournament "Double or Nothing" buyIn: 0,92€ + 0,08€ level: 4 - HandId: #454147556956438529-31-1420483780 - Holdem no limit (40/80) - 2015/01/05 18:49:40 UTC
Table: 'Double or Nothing(105739468)#0' 10-max (real money) Seat #9 is the button
Seat 1: looztomtom77 (1610)
Seat 2: Astarion (2820)
Seat 3: crazypix (1425)
Seat 4: Methedras (738)
Seat 6: sabre_laser (1965)
Seat 7: mike6717 (2275)
Seat 8: G_ZU (1430)
Seat 9: Mik a (2737)
*** ANTE/BLINDS ***
looztomtom77 posts small blind 40
Astarion posts big blind 80
Dealt to sabre_laser [5d Qs]
*** PRE-FLOP *** 
crazypix folds
Methedras folds
sabre_laser folds
mike6717 folds
G_ZU folds
Mik a folds
looztomtom77 folds
Astarion collected 120 from pot
*** SUMMARY ***
Total pot 120 | No rake
Seat 2: Astarion (big blind) won 120


Winamax Poker - Tournament "Double or Nothing" buyIn: 0,92€ + 0,08€ level: 4 - HandId: #454147556956438529-32-1420483805 - Holdem no limit (40/80) - 2015/01/05 18:50:05 UTC
Table: 'Double or Nothing(105739468)#0' 10-max (real money) Seat #1 is the button
Seat 1: looztomtom77 (1570)
Seat 2: Astarion (2860)
Seat 3: crazypix (1425)
Seat 4: Methedras (738)
Seat 6: sabre_laser (1965)
Seat 7: mike6717 (2275)
Seat 8: G_ZU (1430)
Seat 9: Mik a (2737)
*** ANTE/BLINDS ***
Astarion posts small blind 40
crazypix posts big blind 80
Dealt to sabre_laser [3d 6h]
*** PRE-FLOP *** 
Methedras folds
sabre_laser folds
mike6717 folds
G_ZU folds
Mik a folds
looztomtom77 folds
Astarion folds
crazypix collected 120 from pot
*** SUMMARY ***
Total pot 120 | No rake
Seat 3: crazypix (big blind) won 120


Winamax Poker - Tournament "Double or Nothing" buyIn: 0,92€ + 0,08€ level: 4 - HandId: #454147556956438529-33-1420483845 - Holdem no limit (40/80) - 2015/01/05 18:50:45 UTC
Table: 'Double or Nothing(105739468)#0' 10-max (real money) Seat #2 is the button
Seat 1: looztomtom77 (1570)
Seat 2: Astarion (2820)
Seat 3: crazypix (1465)
Seat 4: Methedras (738)
Seat 6: sabre_laser (1965)
Seat 7: mike6717 (2275)
Seat 8: G_ZU (1430)
Seat 9: Mik a (2737)
*** ANTE/BLINDS ***
crazypix posts small blind 40
Methedras posts big blind 80
Dealt to sabre_laser [3c 5h]
*** PRE-FLOP *** 
sabre_laser folds
mike6717 folds
G_ZU folds
Mik a folds
looztomtom77 folds
Astarion folds
crazypix calls 40
Methedras checks
*** FLOP *** [2d Th Qd]
crazypix checks
Methedras checks
*** TURN *** [2d Th Qd][Ts]
crazypix checks
Methedras bets 160
crazypix folds
Methedras collected 320 from pot
*** SUMMARY ***
Total pot 320 | No rake
Board: [2d Th Qd Ts]
Seat 4: Methedras (big blind) won 320


Winamax Poker - Tournament "Double or Nothing" buyIn: 0,92€ + 0,08€ level: 4 - HandId: #454147556956438529-34-1420483895 - Holdem no limit (40/80) - 2015/01/05 18:51:35 UTC
Table: 'Double or Nothing(105739468)#0' 10-max (real money) Seat #3 is the button
Seat 1: looztomtom77 (1570)
Seat 2: Astarion (2820)
Seat 3: crazypix (1385)
Seat 4: Methedras (818)
Seat 6: sabre_laser (1965)
Seat 7: mike6717 (2275)
Seat 8: G_ZU (1430)
Seat 9: Mik a (2737)
*** ANTE/BLINDS ***
Methedras posts small blind 40
sabre_laser posts big blind 80
Dealt to sabre_laser [4h 5d]
*** PRE-FLOP *** 
mike6717 folds
G_ZU folds
Mik a folds
looztomtom77 raises 1490 to 1570 and is all-in
Astarion folds
crazypix folds
Methedras folds
sabre_laser folds
looztomtom77 collected 1690 from pot
*** SUMMARY ***
Total pot 1690 | No rake
Seat 1: looztomtom77 won 1690


Winamax Poker - Tournament "Double or Nothing" buyIn: 0,92€ + 0,08€ level: 4 - HandId: #454147556956438529-35-1420483921 - Holdem no limit (40/80) - 2015/01/05 18:52:01 UTC
Table: 'Double or Nothing(105739468)#0' 10-max (real money) Seat #4 is the button
Seat 1: looztomtom77 (1690)
Seat 2: Astarion (2820)
Seat 3: crazypix (1385)
Seat 4: Methedras (778)
Seat 6: sabre_laser (1885)
Seat 7: mike6717 (2275)
Seat 8: G_ZU (1430)
Seat 9: Mik a (2737)
*** ANTE/BLINDS ***
sabre_laser posts small blind 40
mike6717 posts big blind 80
Dealt to sabre_laser [4c 9s]
*** PRE-FLOP *** 
G_ZU folds
Mik a raises 160 to 240
looztomtom77 folds
Astarion folds
crazypix folds
Methedras folds
sabre_laser folds
mike6717 folds
Mik a collected 360 from pot
*** SUMMARY ***
Total pot 360 | No rake
Seat 9: Mik a won 360


Winamax Poker - Tournament "Double or Nothing" buyIn: 0,92€ + 0,08€ level: 4 - HandId: #454147556956438529-36-1420483943 - Holdem no limit (40/80) - 2015/01/05 18:52:23 UTC
Table: 'Double or Nothing(105739468)#0' 10-max (real money) Seat #6 is the button
Seat 1: looztomtom77 (1690)
Seat 2: Astarion (2820)
Seat 3: crazypix (1385)
Seat 4: Methedras (778)
Seat 6: sabre_laser (1845)
Seat 7: mike6717 (2195)
Seat 8: G_ZU (1430)
Seat 9: Mik a (2857)
*** ANTE/BLINDS ***
mike6717 posts small blind 40
G_ZU posts big blind 80
Dealt to sabre_laser [As Td]
*** PRE-FLOP *** 
Mik a folds
looztomtom77 folds
Astarion folds
crazypix folds
Methedras folds
sabre_laser raises 120 to 200
mike6717 folds
G_ZU folds
sabre_laser collected 320 from pot
*** SUMMARY ***
Total pot 320 | No rake
Seat 6: sabre_laser (button) won 320


Winamax Poker - Tournament "Double or Nothing" buyIn: 0,92€ + 0,08€ level: 5 - HandId: #454147556956438529-37-1420483971 - Holdem no limit (60/120) - 2015/01/05 18:52:51 UTC
Table: 'Double or Nothing(105739468)#0' 10-max (real money) Seat #7 is the button
Seat 1: looztomtom77 (1690)
Seat 2: Astarion (2820)
Seat 3: crazypix (1385)
Seat 4: Methedras (778)
Seat 6: sabre_laser (1965)
Seat 7: mike6717 (2155)
Seat 8: G_ZU (1350)
Seat 9: Mik a (2857)
*** ANTE/BLINDS ***
G_ZU posts small blind 60
Mik a posts big blind 120
Dealt to sabre_laser [9d 8d]
*** PRE-FLOP *** 
looztomtom77 folds
Astarion folds
crazypix raises 1265 to 1385 and is all-in
Methedras folds
sabre_laser folds
mike6717 raises 770 to 2155 and is all-in
G_ZU folds
Mik a folds
*** FLOP *** [Th Ah 3s]
*** TURN *** [Th Ah 3s][9h]
*** RIVER *** [Th Ah 3s 9h][6d]
*** SHOW DOWN ***
crazypix shows [Jc Jh] (One pair : Jacks)
mike6717 shows [Kh Kc] (One pair : Kings)
mike6717 collected 3720 from pot
*** SUMMARY ***
Total pot 3720 | No rake
Board: [Th Ah 3s 9h 6d]
Seat 3: crazypix showed [Jc Jh] and lost with One pair : Jacks
Seat 7: mike6717 (button) showed [Kh Kc] and won 3720 with One pair : Kings


Winamax Poker - Tournament "Double or Nothing" buyIn: 0,92€ + 0,08€ level: 5 - HandId: #454147556956438529-38-1420484003 - Holdem no limit (60/120) - 2015/01/05 18:53:23 UTC
Table: 'Double or Nothing(105739468)#0' 10-max (real money) Seat #8 is the button
Seat 1: looztomtom77 (1690)
Seat 2: Astarion (2820)
Seat 4: Methedras (778)
Seat 6: sabre_laser (1965)
Seat 7: mike6717 (3720)
Seat 8: G_ZU (1290)
Seat 9: Mik a (2737)
*** ANTE/BLINDS ***
Mik a posts small blind 60
looztomtom77 posts big blind 120
Dealt to sabre_laser [Js 9c]
*** PRE-FLOP *** 
Astarion folds
Methedras folds
sabre_laser folds
mike6717 folds
G_ZU folds
Mik a calls 60
looztomtom77 checks
*** FLOP *** [Qd 4s Tc]
Mik a checks
looztomtom77 checks
*** TURN *** [Qd 4s Tc][4d]
Mik a checks
looztomtom77 checks
*** RIVER *** [Qd 4s Tc 4d][5c]
Mik a checks
looztomtom77 checks
*** SHOW DOWN ***
Mik a shows [6s Ah] (One pair : 4)
looztomtom77 shows [5h Ac] (Two pairs : 5 and 4)
looztomtom77 collected 240 from pot
*** SUMMARY ***
Total pot 240 | No rake
Board: [Qd 4s Tc 4d 5c]
Seat 1: looztomtom77 (big blind) showed [5h Ac] and won 240 with Two pairs : 5 and 4
Seat 9: Mik a (small blind) showed [6s Ah] and lost with One pair : 4


Winamax Poker - Tournament "Double or Nothing" buyIn: 0,92€ + 0,08€ level: 5 - HandId: #454147556956438529-39-1420484052 - Holdem no limit (60/120) - 2015/01/05 18:54:12 UTC
Table: 'Double or Nothing(105739468)#0' 10-max (real money) Seat #9 is the button
Seat 1: looztomtom77 (1810)
Seat 2: Astarion (2820)
Seat 4: Methedras (778)
Seat 6: sabre_laser (1965)
Seat 7: mike6717 (3720)
Seat 8: G_ZU (1290)
Seat 9: Mik a (2617)
*** ANTE/BLINDS ***
looztomtom77 posts small blind 60
Astarion posts big blind 120
Dealt to sabre_laser [As 7c]
*** PRE-FLOP *** 
Methedras folds
sabre_laser folds
mike6717 folds
G_ZU folds
Mik a folds
looztomtom77 folds
Astarion collected 180 from pot
*** SUMMARY ***
Total pot 180 | No rake
Seat 2: Astarion (big blind) won 180


Winamax Poker - Tournament "Double or Nothing" buyIn: 0,92€ + 0,08€ level: 5 - HandId: #454147556956438529-40-1420484084 - Holdem no limit (60/120) - 2015/01/05 18:54:44 UTC
Table: 'Double or Nothing(105739468)#0' 10-max (real money) Seat #1 is the button
Seat 1: looztomtom77 (1750)
Seat 2: Astarion (2880)
Seat 4: Methedras (778)
Seat 6: sabre_laser (1965)
Seat 7: mike6717 (3720)
Seat 8: G_ZU (1290)
Seat 9: Mik a (2617)
*** ANTE/BLINDS ***
Astarion posts small blind 60
Methedras posts big blind 120
Dealt to sabre_laser [Tc Jc]
*** PRE-FLOP *** 
sabre_laser raises 120 to 240
mike6717 folds
G_ZU folds
Mik a folds
looztomtom77 folds
Astarion folds
Methedras raises 538 to 778 and is all-in
sabre_laser calls 538
*** FLOP *** [5d Kc 4c]
*** TURN *** [5d Kc 4c][2s]
*** RIVER *** [5d Kc 4c 2s][6s]
*** SHOW DOWN ***
sabre_laser shows [Tc Jc] (High card : King)
Methedras shows [3s Jd] (Straight 6 high)
Methedras collected 1616 from pot
*** SUMMARY ***
Total pot 1616 | No rake
Board: [5d Kc 4c 2s 6s]
Seat 4: Methedras (big blind) showed [3s Jd] and won 1616 with Straight 6 high
Seat 6: sabre_laser showed [Tc Jc] and lost with High card : King


Winamax Poker - Tournament "Double or Nothing" buyIn: 0,92€ + 0,08€ level: 5 - HandId: #454147556956438529-41-1420484127 - Holdem no limit (60/120) - 2015/01/05 18:55:27 UTC
Table: 'Double or Nothing(105739468)#0' 10-max (real money) Seat #2 is the button
Seat 1: looztomtom77 (1750)
Seat 2: Astarion (2820)
Seat 4: Methedras (1616)
Seat 6: sabre_laser (1187)
Seat 7: mike6717 (3720)
Seat 8: G_ZU (1290)
Seat 9: Mik a (2617)
*** ANTE/BLINDS ***
Methedras posts small blind 60
sabre_laser posts big blind 120
Dealt to sabre_laser [Qc 6h]
*** PRE-FLOP *** 
mike6717 folds
G_ZU folds
Mik a raises 120 to 240
looztomtom77 folds
Astarion folds
Methedras folds
sabre_laser folds
Mik a collected 420 from pot
*** SUMMARY ***
Total pot 420 | No rake
Seat 9: Mik a won 420


Winamax Poker - Tournament "Double or Nothing" buyIn: 0,92€ + 0,08€ level: 5 - HandId: #454147556956438529-42-1420484143 - Holdem no limit (60/120) - 2015/01/05 18:55:43 UTC
Table: 'Double or Nothing(105739468)#0' 10-max (real money) Seat #4 is the button
Seat 1: looztomtom77 (1750)
Seat 2: Astarion (2820)
Seat 4: Methedras (1556)
Seat 6: sabre_laser (1067)
Seat 7: mike6717 (3720)
Seat 8: G_ZU (1290)
Seat 9: Mik a (2797)
*** ANTE/BLINDS ***
sabre_laser posts small blind 60
mike6717 posts big blind 120
Dealt to sabre_laser [9s 6d]
*** PRE-FLOP *** 
G_ZU folds
Mik a folds
looztomtom77 folds
Astarion folds
Methedras raises 1436 to 1556 and is all-in
sabre_laser folds
mike6717 folds
Methedras collected 1736 from pot
*** SUMMARY ***
Total pot 1736 | No rake
Seat 4: Methedras (button) won 1736


Winamax Poker - Tournament "Double or Nothing" buyIn: 0,92€ + 0,08€ level: 5 - HandId: #454147556956438529-43-1420484166 - Holdem no limit (60/120) - 2015/01/05 18:56:06 UTC
Table: 'Double or Nothing(105739468)#0' 10-max (real money) Seat #6 is the button
Seat 1: looztomtom77 (1750)
Seat 2: Astarion (2820)
Seat 4: Methedras (1736)
Seat 6: sabre_laser (1007)
Seat 7: mike6717 (3600)
Seat 8: G_ZU (1290)
Seat 9: Mik a (2797)
*** ANTE/BLINDS ***
mike6717 posts small blind 60
G_ZU posts big blind 120
Dealt to sabre_laser [Kd Jd]
*** PRE-FLOP *** 
Mik a folds
looztomtom77 raises 1630 to 1750 and is all-in
Astarion folds
Methedras folds
sabre_laser folds
mike6717 folds
G_ZU folds
looztomtom77 shows [Qs Qd] (One pair : Queens)
looztomtom77 collected 1930 from pot
*** SUMMARY ***
Total pot 1930 | No rake
Seat 1: looztomtom77 showed [Qs Qd] and won 1930 with One pair : Queens


Winamax Poker - Tournament "Double or Nothing" buyIn: 0,92€ + 0,08€ level: 5 - HandId: #454147556956438529-44-1420484192 - Holdem no limit (60/120) - 2015/01/05 18:56:32 UTC
Table: 'Double or Nothing(105739468)#0' 10-max (real money) Seat #7 is the button
Seat 1: looztomtom77 (1930)
Seat 2: Astarion (2820)
Seat 4: Methedras (1736)
Seat 6: sabre_laser (1007)
Seat 7: mike6717 (3540)
Seat 8: G_ZU (1170)
Seat 9: Mik a (2797)
*** ANTE/BLINDS ***
G_ZU posts small blind 60
Mik a posts big blind 120
Dealt to sabre_laser [2c 8h]
*** PRE-FLOP *** 
looztomtom77 folds
Astarion folds
Methedras folds
sabre_laser folds
mike6717 folds
G_ZU raises 1050 to 1170 and is all-in
Mik a folds
G_ZU collected 1290 from pot
*** SUMMARY ***
Total pot 1290 | No rake
Seat 8: G_ZU (small blind) won 1290


Winamax Poker - Tournament "Double or Nothing" buyIn: 0,92€ + 0,08€ level: 5 - HandId: #454147556956438529-45-1420484220 - Holdem no limit (60/120) - 2015/01/05 18:57:00 UTC
Table: 'Double or Nothing(105739468)#0' 10-max (real money) Seat #8 is the button
Seat 1: looztomtom77 (1930)
Seat 2: Astarion (2820)
Seat 4: Methedras (1736)
Seat 6: sabre_laser (1007)
Seat 7: mike6717 (3540)
Seat 8: G_ZU (1290)
Seat 9: Mik a (2677)
*** ANTE/BLINDS ***
Mik a posts small blind 60
looztomtom77 posts big blind 120
Dealt to sabre_laser [9c 9d]
*** PRE-FLOP *** 
Astarion folds
Methedras raises 1616 to 1736 and is all-in
sabre_laser calls 1007 and is all-in
mike6717 folds
G_ZU folds
Mik a raises 941 to 2677 and is all-in
looztomtom77 folds
*** FLOP *** [2c 7d Kd]
*** TURN *** [2c 7d Kd][6h]
*** RIVER *** [2c 7d Kd 6h][Tc]
*** SHOW DOWN ***
sabre_laser shows [9c 9d] (One pair : 9)
Methedras shows [Jc Jd] (One pair : Jacks)
Mik a shows [Qc 4c] (High card : King)
Mik a collected 941 from side pot 1
Methedras collected 4599 from main pot
*** SUMMARY ***
Total pot 5540 | No rake
Board: [2c 7d Kd 6h Tc]
Seat 4: Methedras showed [Jc Jd] and won 4599 with One pair : Jacks
Seat 6: sabre_laser showed [9c 9d] and lost with One pair : 9
Seat 9: Mik a (small blind) showed [Qc 4c] and won 941 with High card : King


