Winamax Poker - Tournament "Double or Nothing" buyIn: 0,46€ + 0,04€ level: 0 - HandId: #558786523793719297-1-1441748096 - Holdem no limit (10/20) - 2015/09/08 21:34:56 UTC
Table: 'Double or Nothing(130102626)#0' 10-max (real money) Seat #2 is the button
Seat 1: SsPaRtaCuSS (1500)
Seat 2: Hak_Poker (1500)
Seat 3: Crisssis (1500)
Seat 4: KroKrogan (1500)
Seat 5: - NAPOKER - (1500)
Seat 6: willbonney81 (1500)
Seat 7: Mars_Attack (1500)
Seat 8: sabre_laser (1500)
Seat 9: L4B3LVi3 (1500)
Seat 10: kekouze78 (1500)
*** ANTE/BLINDS ***
Crisssis posts small blind 10
KroKrogan posts big blind 20
Dealt to sabre_laser [7c 8c]
*** PRE-FLOP *** 
- NAPOKER - folds
willbonney81 folds
Mars_Attack folds
sabre_laser folds
L4B3LVi3 folds
kekouze78 raises 20 to 40
SsPaRtaCuSS folds
Hak_Poker folds
Crisssis folds
KroKrogan folds
kekouze78 collected 70 from pot
*** SUMMARY ***
Total pot 70 | No rake
Seat 10: kekouze78 won 70


Winamax Poker - Tournament "Double or Nothing" buyIn: 0,46€ + 0,04€ level: 0 - HandId: #558786523793719297-2-1441748141 - Holdem no limit (10/20) - 2015/09/08 21:35:41 UTC
Table: 'Double or Nothing(130102626)#0' 10-max (real money) Seat #3 is the button
Seat 1: SsPaRtaCuSS (1500)
Seat 2: Hak_Poker (1500)
Seat 3: Crisssis (1490)
Seat 4: KroKrogan (1480)
Seat 5: - NAPOKER - (1500)
Seat 6: willbonney81 (1500)
Seat 7: Mars_Attack (1500)
Seat 8: sabre_laser (1500)
Seat 9: L4B3LVi3 (1500)
Seat 10: kekouze78 (1530)
*** ANTE/BLINDS ***
KroKrogan posts small blind 10
- NAPOKER - posts big blind 20
Dealt to sabre_laser [Js 7d]
*** PRE-FLOP *** 
willbonney81 folds
Mars_Attack folds
sabre_laser folds
L4B3LVi3 folds
kekouze78 folds
SsPaRtaCuSS folds
Hak_Poker calls 20
Crisssis folds
KroKrogan folds
- NAPOKER - checks
*** FLOP *** [3s 4c 8h]
- NAPOKER - checks
Hak_Poker bets 33
- NAPOKER - raises 42 to 75
Hak_Poker calls 42
*** TURN *** [3s 4c 8h][9c]
- NAPOKER - checks
Hak_Poker bets 100
- NAPOKER - folds
Hak_Poker collected 300 from pot
*** SUMMARY ***
Total pot 300 | No rake
Board: [3s 4c 8h 9c]
Seat 2: Hak_Poker won 300


Winamax Poker - Tournament "Double or Nothing" buyIn: 0,46€ + 0,04€ level: 0 - HandId: #558786523793719297-3-1441748295 - Holdem no limit (10/20) - 2015/09/08 21:38:15 UTC
Table: 'Double or Nothing(130102626)#0' 10-max (real money) Seat #4 is the button
Seat 1: SsPaRtaCuSS (1500)
Seat 2: Hak_Poker (1605)
Seat 3: Crisssis (1490)
Seat 4: KroKrogan (1470)
Seat 5: - NAPOKER - (1405)
Seat 6: willbonney81 (1500)
Seat 7: Mars_Attack (1500)
Seat 8: sabre_laser (1500)
Seat 9: L4B3LVi3 (1500)
Seat 10: kekouze78 (1530)
*** ANTE/BLINDS ***
- NAPOKER - posts small blind 10
willbonney81 posts big blind 20
Dealt to sabre_laser [6h Kc]
*** PRE-FLOP *** 
Mars_Attack folds
sabre_laser folds
L4B3LVi3 folds
kekouze78 folds
SsPaRtaCuSS folds
Hak_Poker folds
Crisssis folds
KroKrogan folds
- NAPOKER - raises 40 to 60
willbonney81 calls 40
*** FLOP *** [Qd Ks 3s]
- NAPOKER - checks
willbonney81 checks
*** TURN *** [Qd Ks 3s][2h]
- NAPOKER - checks
willbonney81 checks
*** RIVER *** [Qd Ks 3s 2h][4c]
- NAPOKER - checks
willbonney81 checks
*** SHOW DOWN ***
willbonney81 shows [Jd Ad] (High card : Ace)
- NAPOKER - shows [3d Td] (One pair : 3)
- NAPOKER - collected 120 from pot
*** SUMMARY ***
Total pot 120 | No rake
Board: [Qd Ks 3s 2h 4c]
Seat 5: - NAPOKER - (small blind) showed [3d Td] and won 120 with One pair : 3
Seat 6: willbonney81 (big blind) showed [Jd Ad] and lost with High card : Ace


Winamax Poker - Tournament "Double or Nothing" buyIn: 0,46€ + 0,04€ level: 0 - HandId: #558786523793719297-4-1441748368 - Holdem no limit (10/20) - 2015/09/08 21:39:28 UTC
Table: 'Double or Nothing(130102626)#0' 10-max (real money) Seat #5 is the button
Seat 1: SsPaRtaCuSS (1500)
Seat 2: Hak_Poker (1605)
Seat 3: Crisssis (1490)
Seat 4: KroKrogan (1470)
Seat 5: - NAPOKER - (1465)
Seat 6: willbonney81 (1440)
Seat 7: Mars_Attack (1500)
Seat 8: sabre_laser (1500)
Seat 9: L4B3LVi3 (1500)
Seat 10: kekouze78 (1530)
*** ANTE/BLINDS ***
willbonney81 posts small blind 10
Mars_Attack posts big blind 20
Dealt to sabre_laser [2h Qs]
*** PRE-FLOP *** 
sabre_laser folds
L4B3LVi3 folds
kekouze78 folds
SsPaRtaCuSS folds
Hak_Poker folds
Crisssis folds
KroKrogan raises 30 to 50
- NAPOKER - folds
willbonney81 folds
Mars_Attack folds
KroKrogan collected 80 from pot
*** SUMMARY ***
Total pot 80 | No rake
Seat 4: KroKrogan won 80


Winamax Poker - Tournament "Double or Nothing" buyIn: 0,46€ + 0,04€ level: 0 - HandId: #558786523793719297-5-1441748393 - Holdem no limit (10/20) - 2015/09/08 21:39:53 UTC
Table: 'Double or Nothing(130102626)#0' 10-max (real money) Seat #6 is the button
Seat 1: SsPaRtaCuSS (1500)
Seat 2: Hak_Poker (1605)
Seat 3: Crisssis (1490)
Seat 4: KroKrogan (1500)
Seat 5: - NAPOKER - (1465)
Seat 6: willbonney81 (1430)
Seat 7: Mars_Attack (1480)
Seat 8: sabre_laser (1500)
Seat 9: L4B3LVi3 (1500)
Seat 10: kekouze78 (1530)
*** ANTE/BLINDS ***
Mars_Attack posts small blind 10
sabre_laser posts big blind 20
Dealt to sabre_laser [Js 6c]
*** PRE-FLOP *** 
L4B3LVi3 folds
kekouze78 folds
SsPaRtaCuSS folds
Hak_Poker folds
Crisssis folds
KroKrogan folds
- NAPOKER - folds
willbonney81 folds
Mars_Attack folds
sabre_laser collected 30 from pot
*** SUMMARY ***
Total pot 30 | No rake
Seat 8: sabre_laser (big blind) won 30


Winamax Poker - Tournament "Double or Nothing" buyIn: 0,46€ + 0,04€ level: 0 - HandId: #558786523793719297-6-1441748442 - Holdem no limit (10/20) - 2015/09/08 21:40:42 UTC
Table: 'Double or Nothing(130102626)#0' 10-max (real money) Seat #7 is the button
Seat 1: SsPaRtaCuSS (1500)
Seat 2: Hak_Poker (1605)
Seat 3: Crisssis (1490)
Seat 4: KroKrogan (1500)
Seat 5: - NAPOKER - (1465)
Seat 6: willbonney81 (1430)
Seat 7: Mars_Attack (1470)
Seat 8: sabre_laser (1510)
Seat 9: L4B3LVi3 (1500)
Seat 10: kekouze78 (1530)
*** ANTE/BLINDS ***
sabre_laser posts small blind 10
L4B3LVi3 posts big blind 20
Dealt to sabre_laser [Kh Ks]
*** PRE-FLOP *** 
kekouze78 folds
SsPaRtaCuSS calls 20
Hak_Poker folds
Crisssis folds
KroKrogan folds
- NAPOKER - folds
willbonney81 folds
Mars_Attack folds
sabre_laser raises 30 to 50
L4B3LVi3 folds
SsPaRtaCuSS calls 30
*** FLOP *** [3h Qh 5c]
sabre_laser bets 30
SsPaRtaCuSS calls 30
*** TURN *** [3h Qh 5c][Td]
sabre_laser bets 70
SsPaRtaCuSS calls 70
*** RIVER *** [3h Qh 5c Td][7s]
sabre_laser bets 110
SsPaRtaCuSS folds
sabre_laser collected 430 from pot
*** SUMMARY ***
Total pot 430 | No rake
Board: [3h Qh 5c Td 7s]
Seat 8: sabre_laser (small blind) won 430


Winamax Poker - Tournament "Double or Nothing" buyIn: 0,46€ + 0,04€ level: 1 - HandId: #558786523793719297-7-1441748504 - Holdem no limit (15/30) - 2015/09/08 21:41:44 UTC
Table: 'Double or Nothing(130102626)#0' 10-max (real money) Seat #8 is the button
Seat 1: SsPaRtaCuSS (1350)
Seat 2: Hak_Poker (1605)
Seat 3: Crisssis (1490)
Seat 4: KroKrogan (1500)
Seat 5: - NAPOKER - (1465)
Seat 6: willbonney81 (1430)
Seat 7: Mars_Attack (1470)
Seat 8: sabre_laser (1680)
Seat 9: L4B3LVi3 (1480)
Seat 10: kekouze78 (1530)
*** ANTE/BLINDS ***
L4B3LVi3 posts small blind 15
kekouze78 posts big blind 30
Dealt to sabre_laser [Kd 2c]
*** PRE-FLOP *** 
SsPaRtaCuSS raises 30 to 60
Hak_Poker folds
Crisssis folds
KroKrogan folds
- NAPOKER - folds
willbonney81 folds
Mars_Attack folds
sabre_laser folds
L4B3LVi3 folds
kekouze78 folds
SsPaRtaCuSS collected 105 from pot
*** SUMMARY ***
Total pot 105 | No rake
Seat 1: SsPaRtaCuSS won 105


Winamax Poker - Tournament "Double or Nothing" buyIn: 0,46€ + 0,04€ level: 1 - HandId: #558786523793719297-8-1441748534 - Holdem no limit (15/30) - 2015/09/08 21:42:14 UTC
Table: 'Double or Nothing(130102626)#0' 10-max (real money) Seat #9 is the button
Seat 1: SsPaRtaCuSS (1395)
Seat 2: Hak_Poker (1605)
Seat 3: Crisssis (1490)
Seat 4: KroKrogan (1500)
Seat 5: - NAPOKER - (1465)
Seat 6: willbonney81 (1430)
Seat 7: Mars_Attack (1470)
Seat 8: sabre_laser (1680)
Seat 9: L4B3LVi3 (1465)
Seat 10: kekouze78 (1500)
*** ANTE/BLINDS ***
kekouze78 posts small blind 15
SsPaRtaCuSS posts big blind 30
Dealt to sabre_laser [Kc 2c]
*** PRE-FLOP *** 
Hak_Poker folds
Crisssis folds
KroKrogan folds
- NAPOKER - folds
willbonney81 folds
Mars_Attack folds
sabre_laser folds
L4B3LVi3 folds
kekouze78 folds
SsPaRtaCuSS collected 45 from pot
*** SUMMARY ***
Total pot 45 | No rake
Seat 1: SsPaRtaCuSS (big blind) won 45


Winamax Poker - Tournament "Double or Nothing" buyIn: 0,46€ + 0,04€ level: 1 - HandId: #558786523793719297-9-1441748569 - Holdem no limit (15/30) - 2015/09/08 21:42:49 UTC
Table: 'Double or Nothing(130102626)#0' 10-max (real money) Seat #10 is the button
Seat 1: SsPaRtaCuSS (1410)
Seat 2: Hak_Poker (1605)
Seat 3: Crisssis (1490)
Seat 4: KroKrogan (1500)
Seat 5: - NAPOKER - (1465)
Seat 6: willbonney81 (1430)
Seat 7: Mars_Attack (1470)
Seat 8: sabre_laser (1680)
Seat 9: L4B3LVi3 (1465)
Seat 10: kekouze78 (1485)
*** ANTE/BLINDS ***
SsPaRtaCuSS posts small blind 15
Hak_Poker posts big blind 30
Dealt to sabre_laser [6s Qs]
*** PRE-FLOP *** 
Crisssis folds
KroKrogan calls 30
- NAPOKER - folds
willbonney81 folds
Mars_Attack folds
sabre_laser folds
L4B3LVi3 folds
kekouze78 folds
SsPaRtaCuSS raises 60 to 90
Hak_Poker folds
KroKrogan calls 60
*** FLOP *** [Qh 2c Ac]
SsPaRtaCuSS bets 140
KroKrogan folds
SsPaRtaCuSS collected 350 from pot
*** SUMMARY ***
Total pot 350 | No rake
Board: [Qh 2c Ac]
Seat 1: SsPaRtaCuSS (small blind) won 350


Winamax Poker - Tournament "Double or Nothing" buyIn: 0,46€ + 0,04€ level: 1 - HandId: #558786523793719297-10-1441748611 - Holdem no limit (15/30) - 2015/09/08 21:43:31 UTC
Table: 'Double or Nothing(130102626)#0' 10-max (real money) Seat #1 is the button
Seat 1: SsPaRtaCuSS (1530)
Seat 2: Hak_Poker (1575)
Seat 3: Crisssis (1490)
Seat 4: KroKrogan (1410)
Seat 5: - NAPOKER - (1465)
Seat 6: willbonney81 (1430)
Seat 7: Mars_Attack (1470)
Seat 8: sabre_laser (1680)
Seat 9: L4B3LVi3 (1465)
Seat 10: kekouze78 (1485)
*** ANTE/BLINDS ***
Hak_Poker posts small blind 15
Crisssis posts big blind 30
Dealt to sabre_laser [7h Qc]
*** PRE-FLOP *** 
KroKrogan folds
- NAPOKER - folds
willbonney81 folds
Mars_Attack folds
sabre_laser folds
L4B3LVi3 folds
kekouze78 folds
SsPaRtaCuSS raises 60 to 90
Hak_Poker folds
Crisssis folds
SsPaRtaCuSS collected 135 from pot
*** SUMMARY ***
Total pot 135 | No rake
Seat 1: SsPaRtaCuSS (button) won 135


Winamax Poker - Tournament "Double or Nothing" buyIn: 0,46€ + 0,04€ level: 1 - HandId: #558786523793719297-11-1441748654 - Holdem no limit (15/30) - 2015/09/08 21:44:14 UTC
Table: 'Double or Nothing(130102626)#0' 10-max (real money) Seat #2 is the button
Seat 1: SsPaRtaCuSS (1575)
Seat 2: Hak_Poker (1560)
Seat 3: Crisssis (1460)
Seat 4: KroKrogan (1410)
Seat 5: - NAPOKER - (1465)
Seat 6: willbonney81 (1430)
Seat 7: Mars_Attack (1470)
Seat 8: sabre_laser (1680)
Seat 9: L4B3LVi3 (1465)
Seat 10: kekouze78 (1485)
*** ANTE/BLINDS ***
Crisssis posts small blind 15
KroKrogan posts big blind 30
Dealt to sabre_laser [Jc Th]
*** PRE-FLOP *** 
- NAPOKER - folds
willbonney81 calls 30
Mars_Attack folds
sabre_laser folds
L4B3LVi3 folds
kekouze78 folds
SsPaRtaCuSS calls 30
Hak_Poker folds
Crisssis calls 15
KroKrogan checks
*** FLOP *** [6h Jd 2c]
Crisssis checks
KroKrogan checks
willbonney81 bets 120
SsPaRtaCuSS folds
Crisssis folds
KroKrogan folds
willbonney81 collected 240 from pot
*** SUMMARY ***
Total pot 240 | No rake
Board: [6h Jd 2c]
Seat 6: willbonney81 won 240


Winamax Poker - Tournament "Double or Nothing" buyIn: 0,46€ + 0,04€ level: 1 - HandId: #558786523793719297-12-1441748774 - Holdem no limit (15/30) - 2015/09/08 21:46:14 UTC
Table: 'Double or Nothing(130102626)#0' 10-max (real money) Seat #3 is the button
Seat 1: SsPaRtaCuSS (1545)
Seat 2: Hak_Poker (1560)
Seat 3: Crisssis (1430)
Seat 4: KroKrogan (1380)
Seat 5: - NAPOKER - (1465)
Seat 6: willbonney81 (1520)
Seat 7: Mars_Attack (1470)
Seat 8: sabre_laser (1680)
Seat 9: L4B3LVi3 (1465)
Seat 10: kekouze78 (1485)
*** ANTE/BLINDS ***
KroKrogan posts small blind 15
- NAPOKER - posts big blind 30
Dealt to sabre_laser [5s Tc]
*** PRE-FLOP *** 
willbonney81 folds
Mars_Attack folds
sabre_laser folds
L4B3LVi3 folds
kekouze78 folds
SsPaRtaCuSS folds
Hak_Poker folds
Crisssis folds
KroKrogan folds
- NAPOKER - collected 45 from pot
*** SUMMARY ***
Total pot 45 | No rake
Seat 5: - NAPOKER - (big blind) won 45


Winamax Poker - Tournament "Double or Nothing" buyIn: 0,46€ + 0,04€ level: 1 - HandId: #558786523793719297-13-1441748806 - Holdem no limit (15/30) - 2015/09/08 21:46:46 UTC
Table: 'Double or Nothing(130102626)#0' 10-max (real money) Seat #4 is the button
Seat 1: SsPaRtaCuSS (1545)
Seat 2: Hak_Poker (1560)
Seat 3: Crisssis (1430)
Seat 4: KroKrogan (1365)
Seat 5: - NAPOKER - (1480)
Seat 6: willbonney81 (1520)
Seat 7: Mars_Attack (1470)
Seat 8: sabre_laser (1680)
Seat 9: L4B3LVi3 (1465)
Seat 10: kekouze78 (1485)
*** ANTE/BLINDS ***
- NAPOKER - posts small blind 15
willbonney81 posts big blind 30
Dealt to sabre_laser [Ts 9h]
*** PRE-FLOP *** 
Mars_Attack folds
sabre_laser folds
L4B3LVi3 folds
kekouze78 folds
SsPaRtaCuSS folds
Hak_Poker folds
Crisssis folds
KroKrogan folds
- NAPOKER - raises 60 to 90
willbonney81 folds
- NAPOKER - collected 120 from pot
*** SUMMARY ***
Total pot 120 | No rake
Seat 5: - NAPOKER - (small blind) won 120


Winamax Poker - Tournament "Double or Nothing" buyIn: 0,46€ + 0,04€ level: 2 - HandId: #558786523793719297-14-1441748881 - Holdem no limit (20/40) - 2015/09/08 21:48:01 UTC
Table: 'Double or Nothing(130102626)#0' 10-max (real money) Seat #5 is the button
Seat 1: SsPaRtaCuSS (1545)
Seat 2: Hak_Poker (1560)
Seat 3: Crisssis (1430)
Seat 4: KroKrogan (1365)
Seat 5: - NAPOKER - (1510)
Seat 6: willbonney81 (1490)
Seat 7: Mars_Attack (1470)
Seat 8: sabre_laser (1680)
Seat 9: L4B3LVi3 (1465)
Seat 10: kekouze78 (1485)
*** ANTE/BLINDS ***
willbonney81 posts small blind 20
Mars_Attack posts big blind 40
Dealt to sabre_laser [Js 4h]
*** PRE-FLOP *** 
sabre_laser folds
L4B3LVi3 folds
kekouze78 folds
SsPaRtaCuSS calls 40
Hak_Poker folds
Crisssis folds
KroKrogan folds
- NAPOKER - folds
willbonney81 folds
Mars_Attack checks
*** FLOP *** [5d Ac Jd]
Mars_Attack checks
SsPaRtaCuSS checks
*** TURN *** [5d Ac Jd][7d]
Mars_Attack checks
SsPaRtaCuSS checks
*** RIVER *** [5d Ac Jd 7d][2h]
Mars_Attack checks
SsPaRtaCuSS checks
*** SHOW DOWN ***
Mars_Attack shows [8d 6s] (High card : Ace)
SsPaRtaCuSS shows [8h Qh] (High card : Ace)
SsPaRtaCuSS collected 100 from pot
*** SUMMARY ***
Total pot 100 | No rake
Board: [5d Ac Jd 7d 2h]
Seat 1: SsPaRtaCuSS showed [8h Qh] and won 100 with High card : Ace
Seat 7: Mars_Attack (big blind) showed [8d 6s] and lost with High card : Ace


Winamax Poker - Tournament "Double or Nothing" buyIn: 0,46€ + 0,04€ level: 2 - HandId: #558786523793719297-15-1441748929 - Holdem no limit (20/40) - 2015/09/08 21:48:49 UTC
Table: 'Double or Nothing(130102626)#0' 10-max (real money) Seat #6 is the button
Seat 1: SsPaRtaCuSS (1605)
Seat 2: Hak_Poker (1560)
Seat 3: Crisssis (1430)
Seat 4: KroKrogan (1365)
Seat 5: - NAPOKER - (1510)
Seat 6: willbonney81 (1470)
Seat 7: Mars_Attack (1430)
Seat 8: sabre_laser (1680)
Seat 9: L4B3LVi3 (1465)
Seat 10: kekouze78 (1485)
*** ANTE/BLINDS ***
Mars_Attack posts small blind 20
sabre_laser posts big blind 40
Dealt to sabre_laser [Jh 6h]
*** PRE-FLOP *** 
L4B3LVi3 folds
kekouze78 folds
SsPaRtaCuSS calls 40
Hak_Poker folds
Crisssis calls 40
KroKrogan raises 180 to 220
- NAPOKER - folds
willbonney81 folds
Mars_Attack folds
sabre_laser folds
SsPaRtaCuSS folds
Crisssis folds
KroKrogan collected 360 from pot
*** SUMMARY ***
Total pot 360 | No rake
Seat 4: KroKrogan won 360


Winamax Poker - Tournament "Double or Nothing" buyIn: 0,46€ + 0,04€ level: 2 - HandId: #558786523793719297-16-1441748972 - Holdem no limit (20/40) - 2015/09/08 21:49:32 UTC
Table: 'Double or Nothing(130102626)#0' 10-max (real money) Seat #7 is the button
Seat 1: SsPaRtaCuSS (1565)
Seat 2: Hak_Poker (1560)
Seat 3: Crisssis (1390)
Seat 4: KroKrogan (1505)
Seat 5: - NAPOKER - (1510)
Seat 6: willbonney81 (1470)
Seat 7: Mars_Attack (1410)
Seat 8: sabre_laser (1640)
Seat 9: L4B3LVi3 (1465)
Seat 10: kekouze78 (1485)
*** ANTE/BLINDS ***
sabre_laser posts small blind 20
L4B3LVi3 posts big blind 40
Dealt to sabre_laser [6d 6h]
*** PRE-FLOP *** 
kekouze78 folds
SsPaRtaCuSS folds
Hak_Poker folds
Crisssis raises 60 to 100
KroKrogan folds
- NAPOKER - folds
willbonney81 folds
Mars_Attack folds
sabre_laser calls 80
L4B3LVi3 folds
*** FLOP *** [6c Th Td]
sabre_laser checks
Crisssis bets 240
sabre_laser calls 240
*** TURN *** [6c Th Td][Js]
sabre_laser bets 360
Crisssis calls 360
*** RIVER *** [6c Th Td Js][9s]
sabre_laser bets 940 and is all-in
Crisssis calls 690 and is all-in
*** SHOW DOWN ***
Crisssis shows [Qh Qd] (Two pairs : Queens and Tens)
sabre_laser shows [6d 6h] (Full of 6 and Tens)
sabre_laser collected 3070 from pot
*** SUMMARY ***
Total pot 3070 | No rake
Board: [6c Th Td Js 9s]
Seat 3: Crisssis showed [Qh Qd] and lost with Two pairs : Queens and Tens
Seat 8: sabre_laser (small blind) showed [6d 6h] and won 3070 with Full of 6 and Tens


Winamax Poker - Tournament "Double or Nothing" buyIn: 0,46€ + 0,04€ level: 2 - HandId: #558786523793719297-17-1441749042 - Holdem no limit (20/40) - 2015/09/08 21:50:42 UTC
Table: 'Double or Nothing(130102626)#0' 10-max (real money) Seat #8 is the button
Seat 1: SsPaRtaCuSS (1565)
Seat 2: Hak_Poker (1560)
Seat 4: KroKrogan (1505)
Seat 5: - NAPOKER - (1510)
Seat 6: willbonney81 (1470)
Seat 7: Mars_Attack (1410)
Seat 8: sabre_laser (3070)
Seat 9: L4B3LVi3 (1425)
Seat 10: kekouze78 (1485)
*** ANTE/BLINDS ***
L4B3LVi3 posts small blind 20
kekouze78 posts big blind 40
Dealt to sabre_laser [6c As]
*** PRE-FLOP *** 
SsPaRtaCuSS calls 40
Hak_Poker folds
KroKrogan folds
- NAPOKER - folds
willbonney81 folds
Mars_Attack folds
sabre_laser folds
L4B3LVi3 folds
kekouze78 checks
*** FLOP *** [Ts 4h 6h]
kekouze78 checks
SsPaRtaCuSS bets 75
kekouze78 folds
SsPaRtaCuSS collected 175 from pot
*** SUMMARY ***
Total pot 175 | No rake
Board: [Ts 4h 6h]
Seat 1: SsPaRtaCuSS won 175


Winamax Poker - Tournament "Double or Nothing" buyIn: 0,46€ + 0,04€ level: 2 - HandId: #558786523793719297-18-1441749097 - Holdem no limit (20/40) - 2015/09/08 21:51:37 UTC
Table: 'Double or Nothing(130102626)#0' 10-max (real money) Seat #9 is the button
Seat 1: SsPaRtaCuSS (1625)
Seat 2: Hak_Poker (1560)
Seat 4: KroKrogan (1505)
Seat 5: - NAPOKER - (1510)
Seat 6: willbonney81 (1470)
Seat 7: Mars_Attack (1410)
Seat 8: sabre_laser (3070)
Seat 9: L4B3LVi3 (1405)
Seat 10: kekouze78 (1445)
*** ANTE/BLINDS ***
kekouze78 posts small blind 20
SsPaRtaCuSS posts big blind 40
Dealt to sabre_laser [Kd 2h]
*** PRE-FLOP *** 
Hak_Poker folds
KroKrogan folds
- NAPOKER - folds
willbonney81 calls 40
Mars_Attack folds
sabre_laser folds
L4B3LVi3 folds
kekouze78 folds
SsPaRtaCuSS checks
*** FLOP *** [Ad 7d 9d]
SsPaRtaCuSS checks
willbonney81 bets 100
SsPaRtaCuSS folds
willbonney81 collected 200 from pot
*** SUMMARY ***
Total pot 200 | No rake
Board: [Ad 7d 9d]
Seat 6: willbonney81 won 200


Winamax Poker - Tournament "Double or Nothing" buyIn: 0,46€ + 0,04€ level: 2 - HandId: #558786523793719297-19-1441749135 - Holdem no limit (20/40) - 2015/09/08 21:52:15 UTC
Table: 'Double or Nothing(130102626)#0' 10-max (real money) Seat #10 is the button
Seat 1: SsPaRtaCuSS (1585)
Seat 2: Hak_Poker (1560)
Seat 4: KroKrogan (1505)
Seat 5: - NAPOKER - (1510)
Seat 6: willbonney81 (1530)
Seat 7: Mars_Attack (1410)
Seat 8: sabre_laser (3070)
Seat 9: L4B3LVi3 (1405)
Seat 10: kekouze78 (1425)
*** ANTE/BLINDS ***
SsPaRtaCuSS posts small blind 20
Hak_Poker posts big blind 40
Dealt to sabre_laser [6s 6h]
*** PRE-FLOP *** 
KroKrogan folds
- NAPOKER - folds
willbonney81 folds
Mars_Attack raises 40 to 80
sabre_laser calls 80
L4B3LVi3 folds
kekouze78 folds
SsPaRtaCuSS folds
Hak_Poker folds
*** FLOP *** [2c Kh 8s]
Mars_Attack bets 147
sabre_laser folds
Mars_Attack collected 367 from pot
*** SUMMARY ***
Total pot 367 | No rake
Board: [2c Kh 8s]
Seat 7: Mars_Attack won 367


Winamax Poker - Tournament "Double or Nothing" buyIn: 0,46€ + 0,04€ level: 3 - HandId: #558786523793719297-20-1441749177 - Holdem no limit (30/60) - 2015/09/08 21:52:57 UTC
Table: 'Double or Nothing(130102626)#0' 10-max (real money) Seat #1 is the button
Seat 1: SsPaRtaCuSS (1565)
Seat 2: Hak_Poker (1520)
Seat 4: KroKrogan (1505)
Seat 5: - NAPOKER - (1510)
Seat 6: willbonney81 (1530)
Seat 7: Mars_Attack (1550)
Seat 8: sabre_laser (2990)
Seat 9: L4B3LVi3 (1405)
Seat 10: kekouze78 (1425)
*** ANTE/BLINDS ***
Hak_Poker posts small blind 30
KroKrogan posts big blind 60
Dealt to sabre_laser [7d 5d]
*** PRE-FLOP *** 
- NAPOKER - folds
willbonney81 folds
Mars_Attack folds
sabre_laser folds
L4B3LVi3 folds
kekouze78 folds
SsPaRtaCuSS calls 60
Hak_Poker folds
KroKrogan checks
*** FLOP *** [9c Ah 7c]
KroKrogan checks
SsPaRtaCuSS bets 75
KroKrogan folds
SsPaRtaCuSS collected 225 from pot
*** SUMMARY ***
Total pot 225 | No rake
Board: [9c Ah 7c]
Seat 1: SsPaRtaCuSS (button) won 225


Winamax Poker - Tournament "Double or Nothing" buyIn: 0,46€ + 0,04€ level: 3 - HandId: #558786523793719297-21-1441749254 - Holdem no limit (30/60) - 2015/09/08 21:54:14 UTC
Table: 'Double or Nothing(130102626)#0' 10-max (real money) Seat #2 is the button
Seat 1: SsPaRtaCuSS (1655)
Seat 2: Hak_Poker (1490)
Seat 4: KroKrogan (1445)
Seat 5: - NAPOKER - (1510)
Seat 6: willbonney81 (1530)
Seat 7: Mars_Attack (1550)
Seat 8: sabre_laser (2990)
Seat 9: L4B3LVi3 (1405)
Seat 10: kekouze78 (1425)
*** ANTE/BLINDS ***
KroKrogan posts small blind 30
- NAPOKER - posts big blind 60
Dealt to sabre_laser [2s Kc]
*** PRE-FLOP *** 
willbonney81 folds
Mars_Attack folds
sabre_laser folds
L4B3LVi3 folds
kekouze78 folds
SsPaRtaCuSS folds
Hak_Poker raises 60 to 120
KroKrogan folds
- NAPOKER - calls 60
*** FLOP *** [Ad Kd 6h]
- NAPOKER - checks
Hak_Poker bets 135
- NAPOKER - folds
Hak_Poker collected 405 from pot
*** SUMMARY ***
Total pot 405 | No rake
Board: [Ad Kd 6h]
Seat 2: Hak_Poker (button) won 405


Winamax Poker - Tournament "Double or Nothing" buyIn: 0,46€ + 0,04€ level: 3 - HandId: #558786523793719297-22-1441749334 - Holdem no limit (30/60) - 2015/09/08 21:55:34 UTC
Table: 'Double or Nothing(130102626)#0' 10-max (real money) Seat #4 is the button
Seat 1: SsPaRtaCuSS (1655)
Seat 2: Hak_Poker (1640)
Seat 4: KroKrogan (1415)
Seat 5: - NAPOKER - (1390)
Seat 6: willbonney81 (1530)
Seat 7: Mars_Attack (1550)
Seat 8: sabre_laser (2990)
Seat 9: L4B3LVi3 (1405)
Seat 10: kekouze78 (1425)
*** ANTE/BLINDS ***
- NAPOKER - posts small blind 30
willbonney81 posts big blind 60
Dealt to sabre_laser [Ks 2d]
*** PRE-FLOP *** 
Mars_Attack folds
sabre_laser folds
L4B3LVi3 folds
kekouze78 folds
SsPaRtaCuSS folds
Hak_Poker folds
KroKrogan folds
- NAPOKER - raises 120 to 180
willbonney81 folds
- NAPOKER - collected 240 from pot
*** SUMMARY ***
Total pot 240 | No rake
Seat 5: - NAPOKER - (small blind) won 240


Winamax Poker - Tournament "Double or Nothing" buyIn: 0,46€ + 0,04€ level: 3 - HandId: #558786523793719297-23-1441749375 - Holdem no limit (30/60) - 2015/09/08 21:56:15 UTC
Table: 'Double or Nothing(130102626)#0' 10-max (real money) Seat #5 is the button
Seat 1: SsPaRtaCuSS (1655)
Seat 2: Hak_Poker (1640)
Seat 4: KroKrogan (1415)
Seat 5: - NAPOKER - (1450)
Seat 6: willbonney81 (1470)
Seat 7: Mars_Attack (1550)
Seat 8: sabre_laser (2990)
Seat 9: L4B3LVi3 (1405)
Seat 10: kekouze78 (1425)
*** ANTE/BLINDS ***
willbonney81 posts small blind 30
Mars_Attack posts big blind 60
Dealt to sabre_laser [4c 9d]
*** PRE-FLOP *** 
sabre_laser folds
L4B3LVi3 folds
kekouze78 folds
SsPaRtaCuSS folds
Hak_Poker folds
KroKrogan folds
- NAPOKER - folds
willbonney81 folds
Mars_Attack collected 90 from pot
*** SUMMARY ***
Total pot 90 | No rake
Seat 7: Mars_Attack (big blind) won 90


Winamax Poker - Tournament "Double or Nothing" buyIn: 0,46€ + 0,04€ level: 3 - HandId: #558786523793719297-24-1441749396 - Holdem no limit (30/60) - 2015/09/08 21:56:36 UTC
Table: 'Double or Nothing(130102626)#0' 10-max (real money) Seat #6 is the button
Seat 1: SsPaRtaCuSS (1655)
Seat 2: Hak_Poker (1640)
Seat 4: KroKrogan (1415)
Seat 5: - NAPOKER - (1450)
Seat 6: willbonney81 (1440)
Seat 7: Mars_Attack (1580)
Seat 8: sabre_laser (2990)
Seat 9: L4B3LVi3 (1405)
Seat 10: kekouze78 (1425)
*** ANTE/BLINDS ***
Mars_Attack posts small blind 30
sabre_laser posts big blind 60
Dealt to sabre_laser [Ad 9h]
*** PRE-FLOP *** 
L4B3LVi3 folds
kekouze78 folds
SsPaRtaCuSS folds
Hak_Poker folds
KroKrogan folds
- NAPOKER - folds
willbonney81 folds
Mars_Attack folds
sabre_laser collected 90 from pot
*** SUMMARY ***
Total pot 90 | No rake
Seat 8: sabre_laser (big blind) won 90


Winamax Poker - Tournament "Double or Nothing" buyIn: 0,46€ + 0,04€ level: 3 - HandId: #558786523793719297-25-1441749449 - Holdem no limit (30/60) - 2015/09/08 21:57:29 UTC
Table: 'Double or Nothing(130102626)#0' 10-max (real money) Seat #7 is the button
Seat 1: SsPaRtaCuSS (1655)
Seat 2: Hak_Poker (1640)
Seat 4: KroKrogan (1415)
Seat 5: - NAPOKER - (1450)
Seat 6: willbonney81 (1440)
Seat 7: Mars_Attack (1550)
Seat 8: sabre_laser (3020)
Seat 9: L4B3LVi3 (1405)
Seat 10: kekouze78 (1425)
*** ANTE/BLINDS ***
sabre_laser posts small blind 30
L4B3LVi3 posts big blind 60
Dealt to sabre_laser [2c Qd]
*** PRE-FLOP *** 
kekouze78 folds
SsPaRtaCuSS folds
Hak_Poker folds
KroKrogan folds
- NAPOKER - folds
willbonney81 folds
Mars_Attack folds
sabre_laser calls 30
L4B3LVi3 checks
*** FLOP *** [Jd 8s 4h]
sabre_laser checks
L4B3LVi3 checks
*** TURN *** [Jd 8s 4h][Kc]
sabre_laser bets 60
L4B3LVi3 calls 60
*** RIVER *** [Jd 8s 4h Kc][9s]
sabre_laser checks
L4B3LVi3 checks
*** SHOW DOWN ***
sabre_laser shows [2c Qd] (High card : King)
L4B3LVi3 shows [Kd 6d] (One pair : Kings)
L4B3LVi3 collected 240 from pot
*** SUMMARY ***
Total pot 240 | No rake
Board: [Jd 8s 4h Kc 9s]
Seat 8: sabre_laser (small blind) showed [2c Qd] and lost with High card : King
Seat 9: L4B3LVi3 (big blind) showed [Kd 6d] and won 240 with One pair : Kings


Winamax Poker - Tournament "Double or Nothing" buyIn: 0,46€ + 0,04€ level: 3 - HandId: #558786523793719297-26-1441749515 - Holdem no limit (30/60) - 2015/09/08 21:58:35 UTC
Table: 'Double or Nothing(130102626)#0' 10-max (real money) Seat #8 is the button
Seat 1: SsPaRtaCuSS (1655)
Seat 2: Hak_Poker (1640)
Seat 4: KroKrogan (1415)
Seat 5: - NAPOKER - (1450)
Seat 6: willbonney81 (1440)
Seat 7: Mars_Attack (1550)
Seat 8: sabre_laser (2900)
Seat 9: L4B3LVi3 (1525)
Seat 10: kekouze78 (1425)
*** ANTE/BLINDS ***
L4B3LVi3 posts small blind 30
kekouze78 posts big blind 60
Dealt to sabre_laser [3c 5s]
*** PRE-FLOP *** 
SsPaRtaCuSS folds
Hak_Poker folds
KroKrogan folds
- NAPOKER - folds
willbonney81 folds
Mars_Attack folds
sabre_laser folds
L4B3LVi3 folds
kekouze78 collected 90 from pot
*** SUMMARY ***
Total pot 90 | No rake
Seat 10: kekouze78 (big blind) won 90


Winamax Poker - Tournament "Double or Nothing" buyIn: 0,46€ + 0,04€ level: 4 - HandId: #558786523793719297-27-1441749549 - Holdem no limit (40/80) - 2015/09/08 21:59:09 UTC
Table: 'Double or Nothing(130102626)#0' 10-max (real money) Seat #9 is the button
Seat 1: SsPaRtaCuSS (1655)
Seat 2: Hak_Poker (1640)
Seat 4: KroKrogan (1415)
Seat 5: - NAPOKER - (1450)
Seat 6: willbonney81 (1440)
Seat 7: Mars_Attack (1550)
Seat 8: sabre_laser (2900)
Seat 9: L4B3LVi3 (1495)
Seat 10: kekouze78 (1455)
*** ANTE/BLINDS ***
kekouze78 posts small blind 40
SsPaRtaCuSS posts big blind 80
Dealt to sabre_laser [8d 4h]
*** PRE-FLOP *** 
Hak_Poker folds
KroKrogan folds
- NAPOKER - folds
willbonney81 folds
Mars_Attack folds
sabre_laser folds
L4B3LVi3 folds
kekouze78 folds
SsPaRtaCuSS collected 120 from pot
*** SUMMARY ***
Total pot 120 | No rake
Seat 1: SsPaRtaCuSS (big blind) won 120


Winamax Poker - Tournament "Double or Nothing" buyIn: 0,46€ + 0,04€ level: 4 - HandId: #558786523793719297-28-1441749585 - Holdem no limit (40/80) - 2015/09/08 21:59:45 UTC
Table: 'Double or Nothing(130102626)#0' 10-max (real money) Seat #10 is the button
Seat 1: SsPaRtaCuSS (1695)
Seat 2: Hak_Poker (1640)
Seat 4: KroKrogan (1415)
Seat 5: - NAPOKER - (1450)
Seat 6: willbonney81 (1440)
Seat 7: Mars_Attack (1550)
Seat 8: sabre_laser (2900)
Seat 9: L4B3LVi3 (1495)
Seat 10: kekouze78 (1415)
*** ANTE/BLINDS ***
SsPaRtaCuSS posts small blind 40
Hak_Poker posts big blind 80
Dealt to sabre_laser [7s Kc]
*** PRE-FLOP *** 
KroKrogan folds
- NAPOKER - folds
willbonney81 folds
Mars_Attack folds
sabre_laser folds
L4B3LVi3 folds
kekouze78 folds
SsPaRtaCuSS calls 40
Hak_Poker checks
*** FLOP *** [5d 4s 3d]
SsPaRtaCuSS bets 80
Hak_Poker folds
SsPaRtaCuSS collected 240 from pot
*** SUMMARY ***
Total pot 240 | No rake
Board: [5d 4s 3d]
Seat 1: SsPaRtaCuSS (small blind) won 240


Winamax Poker - Tournament "Double or Nothing" buyIn: 0,46€ + 0,04€ level: 4 - HandId: #558786523793719297-29-1441749639 - Holdem no limit (40/80) - 2015/09/08 22:00:39 UTC
Table: 'Double or Nothing(130102626)#0' 10-max (real money) Seat #1 is the button
Seat 1: SsPaRtaCuSS (1775)
Seat 2: Hak_Poker (1560)
Seat 4: KroKrogan (1415)
Seat 5: - NAPOKER - (1450)
Seat 6: willbonney81 (1440)
Seat 7: Mars_Attack (1550)
Seat 8: sabre_laser (2900)
Seat 9: L4B3LVi3 (1495)
Seat 10: kekouze78 (1415)
*** ANTE/BLINDS ***
Hak_Poker posts small blind 40
KroKrogan posts big blind 80
Dealt to sabre_laser [4h 3s]
*** PRE-FLOP *** 
- NAPOKER - folds
willbonney81 folds
Mars_Attack folds
sabre_laser folds
L4B3LVi3 folds
kekouze78 folds
SsPaRtaCuSS folds
Hak_Poker folds
KroKrogan collected 120 from pot
*** SUMMARY ***
Total pot 120 | No rake
Seat 4: KroKrogan (big blind) won 120


Winamax Poker - Tournament "Double or Nothing" buyIn: 0,46€ + 0,04€ level: 4 - HandId: #558786523793719297-30-1441749671 - Holdem no limit (40/80) - 2015/09/08 22:01:11 UTC
Table: 'Double or Nothing(130102626)#0' 10-max (real money) Seat #2 is the button
Seat 1: SsPaRtaCuSS (1775)
Seat 2: Hak_Poker (1520)
Seat 4: KroKrogan (1455)
Seat 5: - NAPOKER - (1450)
Seat 6: willbonney81 (1440)
Seat 7: Mars_Attack (1550)
Seat 8: sabre_laser (2900)
Seat 9: L4B3LVi3 (1495)
Seat 10: kekouze78 (1415)
*** ANTE/BLINDS ***
KroKrogan posts small blind 40
- NAPOKER - posts big blind 80
Dealt to sabre_laser [Ks 8s]
*** PRE-FLOP *** 
willbonney81 folds
Mars_Attack folds
sabre_laser raises 80 to 160
L4B3LVi3 folds
kekouze78 folds
SsPaRtaCuSS folds
Hak_Poker folds
KroKrogan folds
- NAPOKER - calls 80
*** FLOP *** [Jh 9s 6s]
- NAPOKER - checks
sabre_laser bets 160
- NAPOKER - folds
sabre_laser collected 520 from pot
*** SUMMARY ***
Total pot 520 | No rake
Board: [Jh 9s 6s]
Seat 8: sabre_laser won 520


Winamax Poker - Tournament "Double or Nothing" buyIn: 0,46€ + 0,04€ level: 4 - HandId: #558786523793719297-31-1441749748 - Holdem no limit (40/80) - 2015/09/08 22:02:28 UTC
Table: 'Double or Nothing(130102626)#0' 10-max (real money) Seat #4 is the button
Seat 1: SsPaRtaCuSS (1775)
Seat 2: Hak_Poker (1520)
Seat 4: KroKrogan (1415)
Seat 5: - NAPOKER - (1290)
Seat 6: willbonney81 (1440)
Seat 7: Mars_Attack (1550)
Seat 8: sabre_laser (3100)
Seat 9: L4B3LVi3 (1495)
Seat 10: kekouze78 (1415)
*** ANTE/BLINDS ***
- NAPOKER - posts small blind 40
willbonney81 posts big blind 80
Dealt to sabre_laser [4d 9c]
*** PRE-FLOP *** 
Mars_Attack folds
sabre_laser folds
L4B3LVi3 folds
kekouze78 folds
SsPaRtaCuSS folds
Hak_Poker folds
KroKrogan folds
- NAPOKER - raises 160 to 240
willbonney81 folds
- NAPOKER - collected 320 from pot
*** SUMMARY ***
Total pot 320 | No rake
Seat 5: - NAPOKER - (small blind) won 320


Winamax Poker - Tournament "Double or Nothing" buyIn: 0,46€ + 0,04€ level: 4 - HandId: #558786523793719297-32-1441749800 - Holdem no limit (40/80) - 2015/09/08 22:03:20 UTC
Table: 'Double or Nothing(130102626)#0' 10-max (real money) Seat #5 is the button
Seat 1: SsPaRtaCuSS (1775)
Seat 2: Hak_Poker (1520)
Seat 4: KroKrogan (1415)
Seat 5: - NAPOKER - (1370)
Seat 6: willbonney81 (1360)
Seat 7: Mars_Attack (1550)
Seat 8: sabre_laser (3100)
Seat 9: L4B3LVi3 (1495)
Seat 10: kekouze78 (1415)
*** ANTE/BLINDS ***
willbonney81 posts small blind 40
Mars_Attack posts big blind 80
Dealt to sabre_laser [5h Kh]
*** PRE-FLOP *** 
sabre_laser folds
L4B3LVi3 folds
kekouze78 folds
SsPaRtaCuSS calls 80
Hak_Poker folds
KroKrogan folds
- NAPOKER - folds
willbonney81 calls 40
Mars_Attack checks
*** FLOP *** [3h Ad 5d]
willbonney81 checks
Mars_Attack checks
SsPaRtaCuSS bets 120
willbonney81 folds
Mars_Attack folds
SsPaRtaCuSS collected 360 from pot
*** SUMMARY ***
Total pot 360 | No rake
Board: [3h Ad 5d]
Seat 1: SsPaRtaCuSS won 360


Winamax Poker - Tournament "Double or Nothing" buyIn: 0,46€ + 0,04€ level: 4 - HandId: #558786523793719297-33-1441749860 - Holdem no limit (40/80) - 2015/09/08 22:04:20 UTC
Table: 'Double or Nothing(130102626)#0' 10-max (real money) Seat #6 is the button
Seat 1: SsPaRtaCuSS (1935)
Seat 2: Hak_Poker (1520)
Seat 4: KroKrogan (1415)
Seat 5: - NAPOKER - (1370)
Seat 6: willbonney81 (1280)
Seat 7: Mars_Attack (1470)
Seat 8: sabre_laser (3100)
Seat 9: L4B3LVi3 (1495)
Seat 10: kekouze78 (1415)
*** ANTE/BLINDS ***
Mars_Attack posts small blind 40
sabre_laser posts big blind 80
Dealt to sabre_laser [Qs Qc]
*** PRE-FLOP *** 
L4B3LVi3 folds
kekouze78 calls 80
SsPaRtaCuSS folds
Hak_Poker folds
KroKrogan folds
- NAPOKER - calls 80
willbonney81 folds
Mars_Attack folds
sabre_laser raises 160 to 240
kekouze78 folds
- NAPOKER - calls 160
*** FLOP *** [Ac 3d Jc]
sabre_laser checks
- NAPOKER - checks
*** TURN *** [Ac 3d Jc][Ad]
sabre_laser bets 160
- NAPOKER - calls 160
*** RIVER *** [Ac 3d Jc Ad][3h]
sabre_laser checks
- NAPOKER - bets 970 and is all-in
sabre_laser folds
- NAPOKER - collected 1890 from pot
*** SUMMARY ***
Total pot 1890 | No rake
Board: [Ac 3d Jc Ad 3h]
Seat 5: - NAPOKER - won 1890


Winamax Poker - Tournament "Double or Nothing" buyIn: 0,46€ + 0,04€ level: 5 - HandId: #558786523793719297-34-1441749959 - Holdem no limit (60/120) - 2015/09/08 22:05:59 UTC
Table: 'Double or Nothing(130102626)#0' 10-max (real money) Seat #7 is the button
Seat 1: SsPaRtaCuSS (1935)
Seat 2: Hak_Poker (1520)
Seat 4: KroKrogan (1415)
Seat 5: - NAPOKER - (1890)
Seat 6: willbonney81 (1280)
Seat 7: Mars_Attack (1430)
Seat 8: sabre_laser (2700)
Seat 9: L4B3LVi3 (1495)
Seat 10: kekouze78 (1335)
*** ANTE/BLINDS ***
sabre_laser posts small blind 60
L4B3LVi3 posts big blind 120
Dealt to sabre_laser [2c Tc]
*** PRE-FLOP *** 
kekouze78 folds
SsPaRtaCuSS folds
Hak_Poker folds
KroKrogan folds
- NAPOKER - folds
willbonney81 folds
Mars_Attack folds
sabre_laser folds
L4B3LVi3 collected 180 from pot
*** SUMMARY ***
Total pot 180 | No rake
Seat 9: L4B3LVi3 (big blind) won 180


Winamax Poker - Tournament "Double or Nothing" buyIn: 0,46€ + 0,04€ level: 5 - HandId: #558786523793719297-35-1441749985 - Holdem no limit (60/120) - 2015/09/08 22:06:25 UTC
Table: 'Double or Nothing(130102626)#0' 10-max (real money) Seat #8 is the button
Seat 1: SsPaRtaCuSS (1935)
Seat 2: Hak_Poker (1520)
Seat 4: KroKrogan (1415)
Seat 5: - NAPOKER - (1890)
Seat 6: willbonney81 (1280)
Seat 7: Mars_Attack (1430)
Seat 8: sabre_laser (2640)
Seat 9: L4B3LVi3 (1555)
Seat 10: kekouze78 (1335)
*** ANTE/BLINDS ***
L4B3LVi3 posts small blind 60
kekouze78 posts big blind 120
Dealt to sabre_laser [Jc 4s]
*** PRE-FLOP *** 
SsPaRtaCuSS folds
Hak_Poker folds
KroKrogan folds
- NAPOKER - folds
willbonney81 folds
Mars_Attack folds
sabre_laser folds
L4B3LVi3 folds
kekouze78 collected 180 from pot
*** SUMMARY ***
Total pot 180 | No rake
Seat 10: kekouze78 (big blind) won 180


Winamax Poker - Tournament "Double or Nothing" buyIn: 0,46€ + 0,04€ level: 5 - HandId: #558786523793719297-36-1441750024 - Holdem no limit (60/120) - 2015/09/08 22:07:04 UTC
Table: 'Double or Nothing(130102626)#0' 10-max (real money) Seat #9 is the button
Seat 1: SsPaRtaCuSS (1935)
Seat 2: Hak_Poker (1520)
Seat 4: KroKrogan (1415)
Seat 5: - NAPOKER - (1890)
Seat 6: willbonney81 (1280)
Seat 7: Mars_Attack (1430)
Seat 8: sabre_laser (2640)
Seat 9: L4B3LVi3 (1495)
Seat 10: kekouze78 (1395)
*** ANTE/BLINDS ***
kekouze78 posts small blind 60
SsPaRtaCuSS posts big blind 120
Dealt to sabre_laser [7c Tc]
*** PRE-FLOP *** 
Hak_Poker folds
KroKrogan folds
- NAPOKER - raises 240 to 360
willbonney81 folds
Mars_Attack folds
sabre_laser folds
L4B3LVi3 folds
kekouze78 folds
SsPaRtaCuSS folds
- NAPOKER - collected 540 from pot
*** SUMMARY ***
Total pot 540 | No rake
Seat 5: - NAPOKER - won 540


Winamax Poker - Tournament "Double or Nothing" buyIn: 0,46€ + 0,04€ level: 5 - HandId: #558786523793719297-37-1441750059 - Holdem no limit (60/120) - 2015/09/08 22:07:39 UTC
Table: 'Double or Nothing(130102626)#0' 10-max (real money) Seat #10 is the button
Seat 1: SsPaRtaCuSS (1815)
Seat 2: Hak_Poker (1520)
Seat 4: KroKrogan (1415)
Seat 5: - NAPOKER - (2070)
Seat 6: willbonney81 (1280)
Seat 7: Mars_Attack (1430)
Seat 8: sabre_laser (2640)
Seat 9: L4B3LVi3 (1495)
Seat 10: kekouze78 (1335)
*** ANTE/BLINDS ***
SsPaRtaCuSS posts small blind 60
Hak_Poker posts big blind 120
Dealt to sabre_laser [Ah 9c]
*** PRE-FLOP *** 
KroKrogan folds
- NAPOKER - folds
willbonney81 folds
Mars_Attack folds
sabre_laser raises 120 to 240
L4B3LVi3 folds
kekouze78 folds
SsPaRtaCuSS folds
Hak_Poker folds
sabre_laser collected 420 from pot
*** SUMMARY ***
Total pot 420 | No rake
Seat 8: sabre_laser won 420


Winamax Poker - Tournament "Double or Nothing" buyIn: 0,46€ + 0,04€ level: 5 - HandId: #558786523793719297-38-1441750101 - Holdem no limit (60/120) - 2015/09/08 22:08:21 UTC
Table: 'Double or Nothing(130102626)#0' 10-max (real money) Seat #1 is the button
Seat 1: SsPaRtaCuSS (1755)
Seat 2: Hak_Poker (1400)
Seat 4: KroKrogan (1415)
Seat 5: - NAPOKER - (2070)
Seat 6: willbonney81 (1280)
Seat 7: Mars_Attack (1430)
Seat 8: sabre_laser (2820)
Seat 9: L4B3LVi3 (1495)
Seat 10: kekouze78 (1335)
*** ANTE/BLINDS ***
Hak_Poker posts small blind 60
KroKrogan posts big blind 120
Dealt to sabre_laser [4c 3s]
*** PRE-FLOP *** 
- NAPOKER - folds
willbonney81 folds
Mars_Attack folds
sabre_laser folds
L4B3LVi3 folds
kekouze78 folds
SsPaRtaCuSS calls 120
Hak_Poker calls 60
KroKrogan checks
*** FLOP *** [9s 7s Qc]
Hak_Poker checks
KroKrogan checks
SsPaRtaCuSS bets 120
Hak_Poker calls 120
KroKrogan folds
*** TURN *** [9s 7s Qc][Th]
Hak_Poker bets 300
SsPaRtaCuSS folds
Hak_Poker collected 900 from pot
*** SUMMARY ***
Total pot 900 | No rake
Board: [9s 7s Qc Th]
Seat 2: Hak_Poker (small blind) won 900


Winamax Poker - Tournament "Double or Nothing" buyIn: 0,46€ + 0,04€ level: 5 - HandId: #558786523793719297-39-1441750200 - Holdem no limit (60/120) - 2015/09/08 22:10:00 UTC
Table: 'Double or Nothing(130102626)#0' 10-max (real money) Seat #2 is the button
Seat 1: SsPaRtaCuSS (1515)
Seat 2: Hak_Poker (1760)
Seat 4: KroKrogan (1295)
Seat 5: - NAPOKER - (2070)
Seat 6: willbonney81 (1280)
Seat 7: Mars_Attack (1430)
Seat 8: sabre_laser (2820)
Seat 9: L4B3LVi3 (1495)
Seat 10: kekouze78 (1335)
*** ANTE/BLINDS ***
KroKrogan posts small blind 60
- NAPOKER - posts big blind 120
Dealt to sabre_laser [8h Js]
*** PRE-FLOP *** 
willbonney81 folds
Mars_Attack folds
sabre_laser folds
L4B3LVi3 folds
kekouze78 folds
SsPaRtaCuSS raises 120 to 240
Hak_Poker folds
KroKrogan folds
- NAPOKER - folds
SsPaRtaCuSS collected 420 from pot
*** SUMMARY ***
Total pot 420 | No rake
Seat 1: SsPaRtaCuSS won 420


Winamax Poker - Tournament "Double or Nothing" buyIn: 0,46€ + 0,04€ level: 5 - HandId: #558786523793719297-40-1441750246 - Holdem no limit (60/120) - 2015/09/08 22:10:46 UTC
Table: 'Double or Nothing(130102626)#0' 10-max (real money) Seat #4 is the button
Seat 1: SsPaRtaCuSS (1695)
Seat 2: Hak_Poker (1760)
Seat 4: KroKrogan (1235)
Seat 5: - NAPOKER - (1950)
Seat 6: willbonney81 (1280)
Seat 7: Mars_Attack (1430)
Seat 8: sabre_laser (2820)
Seat 9: L4B3LVi3 (1495)
Seat 10: kekouze78 (1335)
*** ANTE/BLINDS ***
- NAPOKER - posts small blind 60
willbonney81 posts big blind 120
Dealt to sabre_laser [5d Ts]
*** PRE-FLOP *** 
Mars_Attack raises 360 to 480
sabre_laser folds
L4B3LVi3 folds
kekouze78 folds
SsPaRtaCuSS folds
Hak_Poker folds
KroKrogan folds
- NAPOKER - folds
willbonney81 folds
Mars_Attack collected 660 from pot
*** SUMMARY ***
Total pot 660 | No rake
Seat 7: Mars_Attack won 660


Winamax Poker - Tournament "Double or Nothing" buyIn: 0,46€ + 0,04€ level: 6 - HandId: #558786523793719297-41-1441750279 - Holdem no limit (80/160) - 2015/09/08 22:11:19 UTC
Table: 'Double or Nothing(130102626)#0' 10-max (real money) Seat #5 is the button
Seat 1: SsPaRtaCuSS (1695)
Seat 2: Hak_Poker (1760)
Seat 4: KroKrogan (1235)
Seat 5: - NAPOKER - (1890)
Seat 6: willbonney81 (1160)
Seat 7: Mars_Attack (1610)
Seat 8: sabre_laser (2820)
Seat 9: L4B3LVi3 (1495)
Seat 10: kekouze78 (1335)
*** ANTE/BLINDS ***
willbonney81 posts small blind 80
Mars_Attack posts big blind 160
Dealt to sabre_laser [2h 8h]
*** PRE-FLOP *** 
sabre_laser folds
L4B3LVi3 folds
kekouze78 folds
SsPaRtaCuSS raises 160 to 320
Hak_Poker folds
KroKrogan folds
- NAPOKER - folds
willbonney81 folds
Mars_Attack folds
SsPaRtaCuSS collected 560 from pot
*** SUMMARY ***
Total pot 560 | No rake
Seat 1: SsPaRtaCuSS won 560


Winamax Poker - Tournament "Double or Nothing" buyIn: 0,46€ + 0,04€ level: 6 - HandId: #558786523793719297-42-1441750332 - Holdem no limit (80/160) - 2015/09/08 22:12:12 UTC
Table: 'Double or Nothing(130102626)#0' 10-max (real money) Seat #6 is the button
Seat 1: SsPaRtaCuSS (1935)
Seat 2: Hak_Poker (1760)
Seat 4: KroKrogan (1235)
Seat 5: - NAPOKER - (1890)
Seat 6: willbonney81 (1080)
Seat 7: Mars_Attack (1450)
Seat 8: sabre_laser (2820)
Seat 9: L4B3LVi3 (1495)
Seat 10: kekouze78 (1335)
*** ANTE/BLINDS ***
Mars_Attack posts small blind 80
sabre_laser posts big blind 160
Dealt to sabre_laser [5d 9s]
*** PRE-FLOP *** 
L4B3LVi3 folds
kekouze78 folds
SsPaRtaCuSS folds
Hak_Poker folds
KroKrogan raises 1075 to 1235 and is all-in
- NAPOKER - folds
willbonney81 folds
Mars_Attack folds
sabre_laser folds
KroKrogan collected 1475 from pot
*** SUMMARY ***
Total pot 1475 | No rake
Seat 4: KroKrogan won 1475


Winamax Poker - Tournament "Double or Nothing" buyIn: 0,46€ + 0,04€ level: 6 - HandId: #558786523793719297-43-1441750375 - Holdem no limit (80/160) - 2015/09/08 22:12:55 UTC
Table: 'Double or Nothing(130102626)#0' 10-max (real money) Seat #7 is the button
Seat 1: SsPaRtaCuSS (1935)
Seat 2: Hak_Poker (1760)
Seat 4: KroKrogan (1475)
Seat 5: - NAPOKER - (1890)
Seat 6: willbonney81 (1080)
Seat 7: Mars_Attack (1370)
Seat 8: sabre_laser (2660)
Seat 9: L4B3LVi3 (1495)
Seat 10: kekouze78 (1335)
*** ANTE/BLINDS ***
sabre_laser posts small blind 80
L4B3LVi3 posts big blind 160
Dealt to sabre_laser [3h 8c]
*** PRE-FLOP *** 
kekouze78 folds
SsPaRtaCuSS folds
Hak_Poker folds
KroKrogan folds
- NAPOKER - folds
willbonney81 folds
Mars_Attack folds
sabre_laser folds
L4B3LVi3 collected 240 from pot
*** SUMMARY ***
Total pot 240 | No rake
Seat 9: L4B3LVi3 (big blind) won 240


Winamax Poker - Tournament "Double or Nothing" buyIn: 0,46€ + 0,04€ level: 6 - HandId: #558786523793719297-44-1441750399 - Holdem no limit (80/160) - 2015/09/08 22:13:19 UTC
Table: 'Double or Nothing(130102626)#0' 10-max (real money) Seat #8 is the button
Seat 1: SsPaRtaCuSS (1935)
Seat 2: Hak_Poker (1760)
Seat 4: KroKrogan (1475)
Seat 5: - NAPOKER - (1890)
Seat 6: willbonney81 (1080)
Seat 7: Mars_Attack (1370)
Seat 8: sabre_laser (2580)
Seat 9: L4B3LVi3 (1575)
Seat 10: kekouze78 (1335)
*** ANTE/BLINDS ***
L4B3LVi3 posts small blind 80
kekouze78 posts big blind 160
Dealt to sabre_laser [8h Ks]
*** PRE-FLOP *** 
SsPaRtaCuSS folds
Hak_Poker folds
KroKrogan folds
- NAPOKER - folds
willbonney81 folds
Mars_Attack folds
sabre_laser raises 160 to 320
L4B3LVi3 folds
kekouze78 folds
sabre_laser collected 560 from pot
*** SUMMARY ***
Total pot 560 | No rake
Seat 8: sabre_laser (button) won 560


Winamax Poker - Tournament "Double or Nothing" buyIn: 0,46€ + 0,04€ level: 6 - HandId: #558786523793719297-45-1441750432 - Holdem no limit (80/160) - 2015/09/08 22:13:52 UTC
Table: 'Double or Nothing(130102626)#0' 10-max (real money) Seat #9 is the button
Seat 1: SsPaRtaCuSS (1935)
Seat 2: Hak_Poker (1760)
Seat 4: KroKrogan (1475)
Seat 5: - NAPOKER - (1890)
Seat 6: willbonney81 (1080)
Seat 7: Mars_Attack (1370)
Seat 8: sabre_laser (2820)
Seat 9: L4B3LVi3 (1495)
Seat 10: kekouze78 (1175)
*** ANTE/BLINDS ***
kekouze78 posts small blind 80
SsPaRtaCuSS posts big blind 160
Dealt to sabre_laser [Tc 5d]
*** PRE-FLOP *** 
Hak_Poker folds
KroKrogan folds
- NAPOKER - folds
willbonney81 folds
Mars_Attack folds
sabre_laser folds
L4B3LVi3 folds
kekouze78 folds
SsPaRtaCuSS collected 240 from pot
*** SUMMARY ***
Total pot 240 | No rake
Seat 1: SsPaRtaCuSS (big blind) won 240


Winamax Poker - Tournament "Double or Nothing" buyIn: 0,46€ + 0,04€ level: 6 - HandId: #558786523793719297-46-1441750471 - Holdem no limit (80/160) - 2015/09/08 22:14:31 UTC
Table: 'Double or Nothing(130102626)#0' 10-max (real money) Seat #10 is the button
Seat 1: SsPaRtaCuSS (2015)
Seat 2: Hak_Poker (1760)
Seat 4: KroKrogan (1475)
Seat 5: - NAPOKER - (1890)
Seat 6: willbonney81 (1080)
Seat 7: Mars_Attack (1370)
Seat 8: sabre_laser (2820)
Seat 9: L4B3LVi3 (1495)
Seat 10: kekouze78 (1095)
*** ANTE/BLINDS ***
SsPaRtaCuSS posts small blind 80
Hak_Poker posts big blind 160
Dealt to sabre_laser [3h As]
*** PRE-FLOP *** 
KroKrogan folds
- NAPOKER - folds
willbonney81 raises 160 to 320
Mars_Attack folds
sabre_laser folds
L4B3LVi3 folds
kekouze78 folds
SsPaRtaCuSS folds
Hak_Poker folds
willbonney81 collected 560 from pot
*** SUMMARY ***
Total pot 560 | No rake
Seat 6: willbonney81 won 560


Winamax Poker - Tournament "Double or Nothing" buyIn: 0,46€ + 0,04€ level: 6 - HandId: #558786523793719297-47-1441750494 - Holdem no limit (80/160) - 2015/09/08 22:14:54 UTC
Table: 'Double or Nothing(130102626)#0' 10-max (real money) Seat #1 is the button
Seat 1: SsPaRtaCuSS (1935)
Seat 2: Hak_Poker (1600)
Seat 4: KroKrogan (1475)
Seat 5: - NAPOKER - (1890)
Seat 6: willbonney81 (1320)
Seat 7: Mars_Attack (1370)
Seat 8: sabre_laser (2820)
Seat 9: L4B3LVi3 (1495)
Seat 10: kekouze78 (1095)
*** ANTE/BLINDS ***
Hak_Poker posts small blind 80
KroKrogan posts big blind 160
Dealt to sabre_laser [5s 8s]
*** PRE-FLOP *** 
- NAPOKER - folds
willbonney81 folds
Mars_Attack folds
sabre_laser folds
L4B3LVi3 folds
kekouze78 folds
SsPaRtaCuSS calls 160
Hak_Poker folds
KroKrogan checks
*** FLOP *** [3h Tc 9s]
KroKrogan checks
SsPaRtaCuSS bets 160
KroKrogan folds
SsPaRtaCuSS collected 560 from pot
*** SUMMARY ***
Total pot 560 | No rake
Board: [3h Tc 9s]
Seat 1: SsPaRtaCuSS (button) won 560


Winamax Poker - Tournament "Double or Nothing" buyIn: 0,46€ + 0,04€ level: 6 - HandId: #558786523793719297-48-1441750549 - Holdem no limit (80/160) - 2015/09/08 22:15:49 UTC
Table: 'Double or Nothing(130102626)#0' 10-max (real money) Seat #2 is the button
Seat 1: SsPaRtaCuSS (2175)
Seat 2: Hak_Poker (1520)
Seat 4: KroKrogan (1315)
Seat 5: - NAPOKER - (1890)
Seat 6: willbonney81 (1320)
Seat 7: Mars_Attack (1370)
Seat 8: sabre_laser (2820)
Seat 9: L4B3LVi3 (1495)
Seat 10: kekouze78 (1095)
*** ANTE/BLINDS ***
KroKrogan posts small blind 80
- NAPOKER - posts big blind 160
Dealt to sabre_laser [7h 7s]
*** PRE-FLOP *** 
willbonney81 folds
Mars_Attack folds
sabre_laser calls 160
L4B3LVi3 folds
kekouze78 folds
SsPaRtaCuSS folds
Hak_Poker folds
KroKrogan calls 80
- NAPOKER - checks
*** FLOP *** [5h 3h 8c]
KroKrogan checks
- NAPOKER - checks
sabre_laser bets 320
KroKrogan folds
- NAPOKER - folds
sabre_laser collected 800 from pot
*** SUMMARY ***
Total pot 800 | No rake
Board: [5h 3h 8c]
Seat 8: sabre_laser won 800


Winamax Poker - Tournament "Double or Nothing" buyIn: 0,46€ + 0,04€ level: 7 - HandId: #558786523793719297-49-1441750621 - Holdem no limit (10/100/200) - 2015/09/08 22:17:01 UTC
Table: 'Double or Nothing(130102626)#0' 10-max (real money) Seat #4 is the button
Seat 1: SsPaRtaCuSS (2175)
Seat 2: Hak_Poker (1520)
Seat 4: KroKrogan (1155)
Seat 5: - NAPOKER - (1730)
Seat 6: willbonney81 (1320)
Seat 7: Mars_Attack (1370)
Seat 8: sabre_laser (3140)
Seat 9: L4B3LVi3 (1495)
Seat 10: kekouze78 (1095)
*** ANTE/BLINDS ***
- NAPOKER - posts ante 10
willbonney81 posts ante 10
SsPaRtaCuSS posts ante 10
Hak_Poker posts ante 10
KroKrogan posts ante 10
Mars_Attack posts ante 10
sabre_laser posts ante 10
L4B3LVi3 posts ante 10
kekouze78 posts ante 10
- NAPOKER - posts small blind 100
willbonney81 posts big blind 200
Dealt to sabre_laser [9d 4s]
*** PRE-FLOP *** 
Mars_Attack raises 1160 to 1360 and is all-in
sabre_laser folds
L4B3LVi3 folds
kekouze78 folds
SsPaRtaCuSS folds
Hak_Poker folds
KroKrogan folds
- NAPOKER - folds
willbonney81 folds
Mars_Attack collected 1750 from pot
*** SUMMARY ***
Total pot 1750 | No rake
Seat 7: Mars_Attack won 1750


Winamax Poker - Tournament "Double or Nothing" buyIn: 0,46€ + 0,04€ level: 7 - HandId: #558786523793719297-50-1441750655 - Holdem no limit (10/100/200) - 2015/09/08 22:17:35 UTC
Table: 'Double or Nothing(130102626)#0' 10-max (real money) Seat #5 is the button
Seat 1: SsPaRtaCuSS (2165)
Seat 2: Hak_Poker (1510)
Seat 4: KroKrogan (1145)
Seat 5: - NAPOKER - (1620)
Seat 6: willbonney81 (1110)
Seat 7: Mars_Attack (1750)
Seat 8: sabre_laser (3130)
Seat 9: L4B3LVi3 (1485)
Seat 10: kekouze78 (1085)
*** ANTE/BLINDS ***
willbonney81 posts ante 10
Mars_Attack posts ante 10
SsPaRtaCuSS posts ante 10
Hak_Poker posts ante 10
KroKrogan posts ante 10
- NAPOKER - posts ante 10
sabre_laser posts ante 10
L4B3LVi3 posts ante 10
kekouze78 posts ante 10
willbonney81 posts small blind 100
Mars_Attack posts big blind 200
Dealt to sabre_laser [Ad 9d]
*** PRE-FLOP *** 
sabre_laser folds
L4B3LVi3 folds
kekouze78 folds
SsPaRtaCuSS folds
Hak_Poker folds
KroKrogan folds
- NAPOKER - folds
willbonney81 raises 900 to 1100 and is all-in
Mars_Attack folds
willbonney81 collected 1390 from pot
*** SUMMARY ***
Total pot 1390 | No rake
Seat 6: willbonney81 (small blind) won 1390


Winamax Poker - Tournament "Double or Nothing" buyIn: 0,46€ + 0,04€ level: 7 - HandId: #558786523793719297-51-1441750716 - Holdem no limit (10/100/200) - 2015/09/08 22:18:36 UTC
Table: 'Double or Nothing(130102626)#0' 10-max (real money) Seat #6 is the button
Seat 1: SsPaRtaCuSS (2155)
Seat 2: Hak_Poker (1500)
Seat 4: KroKrogan (1135)
Seat 5: - NAPOKER - (1610)
Seat 6: willbonney81 (1390)
Seat 7: Mars_Attack (1540)
Seat 8: sabre_laser (3120)
Seat 9: L4B3LVi3 (1475)
Seat 10: kekouze78 (1075)
*** ANTE/BLINDS ***
Mars_Attack posts ante 10
sabre_laser posts ante 10
SsPaRtaCuSS posts ante 10
Hak_Poker posts ante 10
KroKrogan posts ante 10
- NAPOKER - posts ante 10
willbonney81 posts ante 10
L4B3LVi3 posts ante 10
kekouze78 posts ante 10
Mars_Attack posts small blind 100
sabre_laser posts big blind 200
Dealt to sabre_laser [Qd As]
*** PRE-FLOP *** 
L4B3LVi3 folds
kekouze78 folds
SsPaRtaCuSS folds
Hak_Poker folds
KroKrogan folds
- NAPOKER - folds
willbonney81 raises 300 to 500
Mars_Attack folds
sabre_laser calls 300
*** FLOP *** [9s 5d Jd]
sabre_laser bets 1190
willbonney81 folds
sabre_laser collected 2380 from pot
*** SUMMARY ***
Total pot 2380 | No rake
Board: [9s 5d Jd]
Seat 8: sabre_laser (big blind) won 2380


Winamax Poker - Tournament "Double or Nothing" buyIn: 0,46€ + 0,04€ level: 7 - HandId: #558786523793719297-52-1441750777 - Holdem no limit (10/100/200) - 2015/09/08 22:19:37 UTC
Table: 'Double or Nothing(130102626)#0' 10-max (real money) Seat #7 is the button
Seat 1: SsPaRtaCuSS (2145)
Seat 2: Hak_Poker (1490)
Seat 4: KroKrogan (1125)
Seat 5: - NAPOKER - (1600)
Seat 6: willbonney81 (880)
Seat 7: Mars_Attack (1430)
Seat 8: sabre_laser (3800)
Seat 9: L4B3LVi3 (1465)
Seat 10: kekouze78 (1065)
*** ANTE/BLINDS ***
sabre_laser posts ante 10
L4B3LVi3 posts ante 10
SsPaRtaCuSS posts ante 10
Hak_Poker posts ante 10
KroKrogan posts ante 10
- NAPOKER - posts ante 10
willbonney81 posts ante 10
Mars_Attack posts ante 10
kekouze78 posts ante 10
sabre_laser posts small blind 100
L4B3LVi3 posts big blind 200
Dealt to sabre_laser [Jc 7h]
*** PRE-FLOP *** 
kekouze78 folds
SsPaRtaCuSS folds
Hak_Poker folds
KroKrogan folds
- NAPOKER - raises 200 to 400
willbonney81 folds
Mars_Attack folds
sabre_laser folds
L4B3LVi3 folds
- NAPOKER - collected 790 from pot
*** SUMMARY ***
Total pot 790 | No rake
Seat 5: - NAPOKER - won 790


Winamax Poker - Tournament "Double or Nothing" buyIn: 0,46€ + 0,04€ level: 7 - HandId: #558786523793719297-53-1441750819 - Holdem no limit (10/100/200) - 2015/09/08 22:20:19 UTC
Table: 'Double or Nothing(130102626)#0' 10-max (real money) Seat #8 is the button
Seat 1: SsPaRtaCuSS (2135)
Seat 2: Hak_Poker (1480)
Seat 4: KroKrogan (1115)
Seat 5: - NAPOKER - (1980)
Seat 6: willbonney81 (870)
Seat 7: Mars_Attack (1420)
Seat 8: sabre_laser (3690)
Seat 9: L4B3LVi3 (1255)
Seat 10: kekouze78 (1055)
*** ANTE/BLINDS ***
L4B3LVi3 posts ante 10
kekouze78 posts ante 10
SsPaRtaCuSS posts ante 10
Hak_Poker posts ante 10
KroKrogan posts ante 10
- NAPOKER - posts ante 10
willbonney81 posts ante 10
Mars_Attack posts ante 10
sabre_laser posts ante 10
L4B3LVi3 posts small blind 100
kekouze78 posts big blind 200
Dealt to sabre_laser [3c Ts]
*** PRE-FLOP *** 
SsPaRtaCuSS folds
Hak_Poker folds
KroKrogan raises 905 to 1105 and is all-in
- NAPOKER - folds
willbonney81 folds
Mars_Attack folds
sabre_laser folds
L4B3LVi3 folds
kekouze78 folds
KroKrogan collected 1495 from pot
*** SUMMARY ***
Total pot 1495 | No rake
Seat 4: KroKrogan won 1495


Winamax Poker - Tournament "Double or Nothing" buyIn: 0,46€ + 0,04€ level: 7 - HandId: #558786523793719297-54-1441750847 - Holdem no limit (10/100/200) - 2015/09/08 22:20:47 UTC
Table: 'Double or Nothing(130102626)#0' 10-max (real money) Seat #9 is the button
Seat 1: SsPaRtaCuSS (2125)
Seat 2: Hak_Poker (1470)
Seat 4: KroKrogan (1495)
Seat 5: - NAPOKER - (1970)
Seat 6: willbonney81 (860)
Seat 7: Mars_Attack (1410)
Seat 8: sabre_laser (3680)
Seat 9: L4B3LVi3 (1145)
Seat 10: kekouze78 (845)
*** ANTE/BLINDS ***
kekouze78 posts ante 10
SsPaRtaCuSS posts ante 10
Hak_Poker posts ante 10
KroKrogan posts ante 10
- NAPOKER - posts ante 10
willbonney81 posts ante 10
Mars_Attack posts ante 10
sabre_laser posts ante 10
L4B3LVi3 posts ante 10
kekouze78 posts small blind 100
SsPaRtaCuSS posts big blind 200
Dealt to sabre_laser [4s Ks]
*** PRE-FLOP *** 
Hak_Poker folds
KroKrogan folds
- NAPOKER - folds
willbonney81 folds
Mars_Attack folds
sabre_laser folds
L4B3LVi3 raises 935 to 1135 and is all-in
kekouze78 calls 735 and is all-in
SsPaRtaCuSS folds
*** FLOP *** [2s Qc Jh]
*** TURN *** [2s Qc Jh][Ad]
*** RIVER *** [2s Qc Jh Ad][Js]
*** SHOW DOWN ***
kekouze78 shows [Kh Ah] (Two pairs : Aces and Jacks)
L4B3LVi3 shows [Jc 8c] (Trips of Jacks)
L4B3LVi3 collected 2260 from pot
*** SUMMARY ***
Total pot 2260 | No rake
Board: [2s Qc Jh Ad Js]
Seat 9: L4B3LVi3 (button) showed [Jc 8c] and won 2260 with Trips of Jacks
Seat 10: kekouze78 (small blind) showed [Kh Ah] and lost with Two pairs : Aces and Jacks


Winamax Poker - Tournament "Double or Nothing" buyIn: 0,46€ + 0,04€ level: 7 - HandId: #558786523793719297-55-1441750889 - Holdem no limit (10/100/200) - 2015/09/08 22:21:29 UTC
Table: 'Double or Nothing(130102626)#0' 10-max (real money) Seat #10 is the button
Seat 1: SsPaRtaCuSS (1915)
Seat 2: Hak_Poker (1460)
Seat 4: KroKrogan (1485)
Seat 5: - NAPOKER - (1960)
Seat 6: willbonney81 (850)
Seat 7: Mars_Attack (1400)
Seat 8: sabre_laser (3670)
Seat 9: L4B3LVi3 (2260)
*** ANTE/BLINDS ***
SsPaRtaCuSS posts ante 10
Hak_Poker posts ante 10
KroKrogan posts ante 10
- NAPOKER - posts ante 10
willbonney81 posts ante 10
Mars_Attack posts ante 10
sabre_laser posts ante 10
L4B3LVi3 posts ante 10
SsPaRtaCuSS posts small blind 100
Hak_Poker posts big blind 200
Dealt to sabre_laser [Ah Ac]
*** PRE-FLOP *** 
KroKrogan folds
- NAPOKER - folds
willbonney81 folds
Mars_Attack folds
sabre_laser raises 200 to 400
L4B3LVi3 folds
SsPaRtaCuSS folds
Hak_Poker folds
sabre_laser collected 780 from pot
*** SUMMARY ***
Total pot 780 | No rake
Seat 8: sabre_laser won 780


Winamax Poker - Tournament "Double or Nothing" buyIn: 0,46€ + 0,04€ level: 7 - HandId: #558786523793719297-56-1441750950 - Holdem no limit (10/100/200) - 2015/09/08 22:22:30 UTC
Table: 'Double or Nothing(130102626)#0' 10-max (real money) Seat #1 is the button
Seat 1: SsPaRtaCuSS (1805)
Seat 2: Hak_Poker (1250)
Seat 4: KroKrogan (1475)
Seat 5: - NAPOKER - (1950)
Seat 6: willbonney81 (840)
Seat 7: Mars_Attack (1390)
Seat 8: sabre_laser (4040)
Seat 9: L4B3LVi3 (2250)
*** ANTE/BLINDS ***
Hak_Poker posts ante 10
KroKrogan posts ante 10
SsPaRtaCuSS posts ante 10
- NAPOKER - posts ante 10
willbonney81 posts ante 10
Mars_Attack posts ante 10
sabre_laser posts ante 10
L4B3LVi3 posts ante 10
Hak_Poker posts small blind 100
KroKrogan posts big blind 200
Dealt to sabre_laser [Tc 9s]
*** PRE-FLOP *** 
- NAPOKER - folds
willbonney81 folds
Mars_Attack folds
sabre_laser folds
L4B3LVi3 folds
SsPaRtaCuSS folds
Hak_Poker raises 1040 to 1240 and is all-in
KroKrogan folds
Hak_Poker collected 1520 from pot
*** SUMMARY ***
Total pot 1520 | No rake
Seat 2: Hak_Poker (small blind) won 1520


Winamax Poker - Tournament "Double or Nothing" buyIn: 0,46€ + 0,04€ level: 8 - HandId: #558786523793719297-57-1441751002 - Holdem no limit (20/150/300) - 2015/09/08 22:23:22 UTC
Table: 'Double or Nothing(130102626)#0' 10-max (real money) Seat #2 is the button
Seat 1: SsPaRtaCuSS (1795)
Seat 2: Hak_Poker (1520)
Seat 4: KroKrogan (1265)
Seat 5: - NAPOKER - (1940)
Seat 6: willbonney81 (830)
Seat 7: Mars_Attack (1380)
Seat 8: sabre_laser (4030)
Seat 9: L4B3LVi3 (2240)
*** ANTE/BLINDS ***
KroKrogan posts ante 20
- NAPOKER - posts ante 20
SsPaRtaCuSS posts ante 20
Hak_Poker posts ante 20
willbonney81 posts ante 20
Mars_Attack posts ante 20
sabre_laser posts ante 20
L4B3LVi3 posts ante 20
KroKrogan posts small blind 150
- NAPOKER - posts big blind 300
Dealt to sabre_laser [2h Ac]
*** PRE-FLOP *** 
willbonney81 folds
Mars_Attack folds
sabre_laser folds
L4B3LVi3 folds
SsPaRtaCuSS folds
Hak_Poker folds
KroKrogan folds
- NAPOKER - collected 610 from pot
*** SUMMARY ***
Total pot 610 | No rake
Seat 5: - NAPOKER - (big blind) won 610


Winamax Poker - Tournament "Double or Nothing" buyIn: 0,46€ + 0,04€ level: 8 - HandId: #558786523793719297-58-1441751096 - Holdem no limit (20/150/300) - 2015/09/08 22:24:56 UTC
Table: 'Double or Nothing(130102626)#0' 10-max (real money) Seat #4 is the button
Seat 1: SsPaRtaCuSS (1775)
Seat 2: Hak_Poker (1500)
Seat 4: KroKrogan (1095)
Seat 5: - NAPOKER - (2230)
Seat 6: willbonney81 (810)
Seat 7: Mars_Attack (1360)
Seat 8: sabre_laser (4010)
Seat 9: L4B3LVi3 (2220)
*** ANTE/BLINDS ***
- NAPOKER - posts ante 20
willbonney81 posts ante 20
SsPaRtaCuSS posts ante 20
Hak_Poker posts ante 20
KroKrogan posts ante 20
Mars_Attack posts ante 20
sabre_laser posts ante 20
L4B3LVi3 posts ante 20
- NAPOKER - posts small blind 150
willbonney81 posts big blind 300
Dealt to sabre_laser [5h Td]
*** PRE-FLOP *** 
Mars_Attack folds
sabre_laser folds
L4B3LVi3 raises 600 to 900
SsPaRtaCuSS folds
Hak_Poker folds
KroKrogan folds
- NAPOKER - folds
willbonney81 folds
L4B3LVi3 collected 1510 from pot
*** SUMMARY ***
Total pot 1510 | No rake
Seat 9: L4B3LVi3 won 1510


Winamax Poker - Tournament "Double or Nothing" buyIn: 0,46€ + 0,04€ level: 8 - HandId: #558786523793719297-59-1441751116 - Holdem no limit (20/150/300) - 2015/09/08 22:25:16 UTC
Table: 'Double or Nothing(130102626)#0' 10-max (real money) Seat #5 is the button
Seat 1: SsPaRtaCuSS (1755)
Seat 2: Hak_Poker (1480)
Seat 4: KroKrogan (1075)
Seat 5: - NAPOKER - (2060)
Seat 6: willbonney81 (490)
Seat 7: Mars_Attack (1340)
Seat 8: sabre_laser (3990)
Seat 9: L4B3LVi3 (2810)
*** ANTE/BLINDS ***
willbonney81 posts ante 20
Mars_Attack posts ante 20
SsPaRtaCuSS posts ante 20
Hak_Poker posts ante 20
KroKrogan posts ante 20
- NAPOKER - posts ante 20
sabre_laser posts ante 20
L4B3LVi3 posts ante 20
willbonney81 posts small blind 150
Mars_Attack posts big blind 300
Dealt to sabre_laser [3s As]
*** PRE-FLOP *** 
sabre_laser folds
L4B3LVi3 folds
SsPaRtaCuSS folds
Hak_Poker folds
KroKrogan raises 755 to 1055 and is all-in
- NAPOKER - folds
willbonney81 folds
Mars_Attack folds
KroKrogan collected 1665 from pot
*** SUMMARY ***
Total pot 1665 | No rake
Seat 4: KroKrogan won 1665


Winamax Poker - Tournament "Double or Nothing" buyIn: 0,46€ + 0,04€ level: 8 - HandId: #558786523793719297-60-1441751161 - Holdem no limit (20/150/300) - 2015/09/08 22:26:01 UTC
Table: 'Double or Nothing(130102626)#0' 10-max (real money) Seat #6 is the button
Seat 1: SsPaRtaCuSS (1735)
Seat 2: Hak_Poker (1460)
Seat 4: KroKrogan (1665)
Seat 5: - NAPOKER - (2040)
Seat 6: willbonney81 (320)
Seat 7: Mars_Attack (1020)
Seat 8: sabre_laser (3970)
Seat 9: L4B3LVi3 (2790)
*** ANTE/BLINDS ***
Mars_Attack posts ante 20
sabre_laser posts ante 20
SsPaRtaCuSS posts ante 20
Hak_Poker posts ante 20
KroKrogan posts ante 20
- NAPOKER - posts ante 20
willbonney81 posts ante 20
L4B3LVi3 posts ante 20
Mars_Attack posts small blind 150
sabre_laser posts big blind 300
Dealt to sabre_laser [9d 3h]
*** PRE-FLOP *** 
L4B3LVi3 folds
SsPaRtaCuSS folds
Hak_Poker folds
KroKrogan raises 1345 to 1645 and is all-in
- NAPOKER - folds
willbonney81 calls 300 and is all-in
Mars_Attack folds
sabre_laser folds
*** FLOP *** [7c 2h 7h]
*** TURN *** [7c 2h 7h][Qh]
*** RIVER *** [7c 2h 7h Qh][5h]
*** SHOW DOWN ***
willbonney81 shows [3d As] (One pair : 7)
KroKrogan shows [5s Ad] (Two pairs : 7 and 5)
KroKrogan collected 2555 from pot
*** SUMMARY ***
Total pot 2555 | No rake
Board: [7c 2h 7h Qh 5h]
Seat 4: KroKrogan showed [5s Ad] and won 2555 with Two pairs : 7 and 5
Seat 6: willbonney81 (button) showed [3d As] and lost with One pair : 7


Winamax Poker - Tournament "Double or Nothing" buyIn: 0,46€ + 0,04€ level: 8 - HandId: #558786523793719297-61-1441751200 - Holdem no limit (20/150/300) - 2015/09/08 22:26:40 UTC
Table: 'Double or Nothing(130102626)#0' 10-max (real money) Seat #7 is the button
Seat 1: SsPaRtaCuSS (1715)
Seat 2: Hak_Poker (1440)
Seat 4: KroKrogan (2555)
Seat 5: - NAPOKER - (2020)
Seat 7: Mars_Attack (850)
Seat 8: sabre_laser (3650)
Seat 9: L4B3LVi3 (2770)
*** ANTE/BLINDS ***
sabre_laser posts ante 20
L4B3LVi3 posts ante 20
SsPaRtaCuSS posts ante 20
Hak_Poker posts ante 20
KroKrogan posts ante 20
- NAPOKER - posts ante 20
Mars_Attack posts ante 20
sabre_laser posts small blind 150
L4B3LVi3 posts big blind 300
Dealt to sabre_laser [7s 4d]
*** PRE-FLOP *** 
SsPaRtaCuSS folds
Hak_Poker folds
KroKrogan folds
- NAPOKER - folds
Mars_Attack folds
sabre_laser folds
L4B3LVi3 collected 590 from pot
*** SUMMARY ***
Total pot 590 | No rake
Seat 9: L4B3LVi3 (big blind) won 590


Winamax Poker - Tournament "Double or Nothing" buyIn: 0,46€ + 0,04€ level: 8 - HandId: #558786523793719297-62-1441751258 - Holdem no limit (20/150/300) - 2015/09/08 22:27:38 UTC
Table: 'Double or Nothing(130102626)#0' 10-max (real money) Seat #8 is the button
Seat 1: SsPaRtaCuSS (1695)
Seat 2: Hak_Poker (1420)
Seat 4: KroKrogan (2535)
Seat 5: - NAPOKER - (2000)
Seat 7: Mars_Attack (830)
Seat 8: sabre_laser (3480)
Seat 9: L4B3LVi3 (3040)
*** ANTE/BLINDS ***
L4B3LVi3 posts ante 20
SsPaRtaCuSS posts ante 20
Hak_Poker posts ante 20
KroKrogan posts ante 20
- NAPOKER - posts ante 20
Mars_Attack posts ante 20
sabre_laser posts ante 20
L4B3LVi3 posts small blind 150
SsPaRtaCuSS posts big blind 300
Dealt to sabre_laser [Ac 3h]
*** PRE-FLOP *** 
Hak_Poker folds
KroKrogan folds
- NAPOKER - folds
Mars_Attack folds
sabre_laser folds
L4B3LVi3 folds
SsPaRtaCuSS collected 590 from pot
*** SUMMARY ***
Total pot 590 | No rake
Seat 1: SsPaRtaCuSS (big blind) won 590


Winamax Poker - Tournament "Double or Nothing" buyIn: 0,46€ + 0,04€ level: 8 - HandId: #558786523793719297-63-1441751283 - Holdem no limit (20/150/300) - 2015/09/08 22:28:03 UTC
Table: 'Double or Nothing(130102626)#0' 10-max (real money) Seat #9 is the button
Seat 1: SsPaRtaCuSS (1965)
Seat 2: Hak_Poker (1400)
Seat 4: KroKrogan (2515)
Seat 5: - NAPOKER - (1980)
Seat 7: Mars_Attack (810)
Seat 8: sabre_laser (3460)
Seat 9: L4B3LVi3 (2870)
*** ANTE/BLINDS ***
SsPaRtaCuSS posts ante 20
Hak_Poker posts ante 20
KroKrogan posts ante 20
- NAPOKER - posts ante 20
Mars_Attack posts ante 20
sabre_laser posts ante 20
L4B3LVi3 posts ante 20
SsPaRtaCuSS posts small blind 150
Hak_Poker posts big blind 300
Dealt to sabre_laser [4h 4c]
*** PRE-FLOP *** 
KroKrogan folds
- NAPOKER - folds
Mars_Attack raises 490 to 790 and is all-in
sabre_laser folds
L4B3LVi3 folds
SsPaRtaCuSS folds
Hak_Poker folds
Mars_Attack collected 1380 from pot
*** SUMMARY ***
Total pot 1380 | No rake
Seat 7: Mars_Attack won 1380


Winamax Poker - Tournament "Double or Nothing" buyIn: 0,46€ + 0,04€ level: 8 - HandId: #558786523793719297-64-1441751322 - Holdem no limit (20/150/300) - 2015/09/08 22:28:42 UTC
Table: 'Double or Nothing(130102626)#0' 10-max (real money) Seat #1 is the button
Seat 1: SsPaRtaCuSS (1795)
Seat 2: Hak_Poker (1080)
Seat 4: KroKrogan (2495)
Seat 5: - NAPOKER - (1960)
Seat 7: Mars_Attack (1380)
Seat 8: sabre_laser (3440)
Seat 9: L4B3LVi3 (2850)
*** ANTE/BLINDS ***
Hak_Poker posts ante 20
KroKrogan posts ante 20
SsPaRtaCuSS posts ante 20
- NAPOKER - posts ante 20
Mars_Attack posts ante 20
sabre_laser posts ante 20
L4B3LVi3 posts ante 20
Hak_Poker posts small blind 150
KroKrogan posts big blind 300
Dealt to sabre_laser [2c 6c]
*** PRE-FLOP *** 
- NAPOKER - folds
Mars_Attack raises 1060 to 1360 and is all-in
sabre_laser folds
L4B3LVi3 folds
SsPaRtaCuSS folds
Hak_Poker folds
KroKrogan folds
Mars_Attack collected 1950 from pot
*** SUMMARY ***
Total pot 1950 | No rake
Seat 7: Mars_Attack won 1950


Winamax Poker - Tournament "Double or Nothing" buyIn: 0,46€ + 0,04€ level: 9 - HandId: #558786523793719297-65-1441751359 - Holdem no limit (50/200/400) - 2015/09/08 22:29:19 UTC
Table: 'Double or Nothing(130102626)#0' 10-max (real money) Seat #2 is the button
Seat 1: SsPaRtaCuSS (1775)
Seat 2: Hak_Poker (910)
Seat 4: KroKrogan (2175)
Seat 5: - NAPOKER - (1940)
Seat 7: Mars_Attack (1950)
Seat 8: sabre_laser (3420)
Seat 9: L4B3LVi3 (2830)
*** ANTE/BLINDS ***
KroKrogan posts ante 50
- NAPOKER - posts ante 50
SsPaRtaCuSS posts ante 50
Hak_Poker posts ante 50
Mars_Attack posts ante 50
sabre_laser posts ante 50
L4B3LVi3 posts ante 50
KroKrogan posts small blind 200
- NAPOKER - posts big blind 400
Dealt to sabre_laser [Ah 8s]
*** PRE-FLOP *** 
Mars_Attack folds
sabre_laser folds
L4B3LVi3 folds
SsPaRtaCuSS raises 1325 to 1725 and is all-in
Hak_Poker folds
KroKrogan folds
- NAPOKER - folds
SsPaRtaCuSS collected 2675 from pot
*** SUMMARY ***
Total pot 2675 | No rake
Seat 1: SsPaRtaCuSS won 2675


Winamax Poker - Tournament "Double or Nothing" buyIn: 0,46€ + 0,04€ level: 9 - HandId: #558786523793719297-66-1441751395 - Holdem no limit (50/200/400) - 2015/09/08 22:29:55 UTC
Table: 'Double or Nothing(130102626)#0' 10-max (real money) Seat #4 is the button
Seat 1: SsPaRtaCuSS (2675)
Seat 2: Hak_Poker (860)
Seat 4: KroKrogan (1925)
Seat 5: - NAPOKER - (1490)
Seat 7: Mars_Attack (1900)
Seat 8: sabre_laser (3370)
Seat 9: L4B3LVi3 (2780)
*** ANTE/BLINDS ***
- NAPOKER - posts ante 50
Mars_Attack posts ante 50
SsPaRtaCuSS posts ante 50
Hak_Poker posts ante 50
KroKrogan posts ante 50
sabre_laser posts ante 50
L4B3LVi3 posts ante 50
- NAPOKER - posts small blind 200
Mars_Attack posts big blind 400
Dealt to sabre_laser [9d 7h]
*** PRE-FLOP *** 
sabre_laser folds
L4B3LVi3 folds
SsPaRtaCuSS folds
Hak_Poker folds
KroKrogan folds
- NAPOKER - folds
Mars_Attack collected 950 from pot
*** SUMMARY ***
Total pot 950 | No rake
Seat 7: Mars_Attack (big blind) won 950


Winamax Poker - Tournament "Double or Nothing" buyIn: 0,46€ + 0,04€ level: 9 - HandId: #558786523793719297-67-1441751426 - Holdem no limit (50/200/400) - 2015/09/08 22:30:26 UTC
Table: 'Double or Nothing(130102626)#0' 10-max (real money) Seat #5 is the button
Seat 1: SsPaRtaCuSS (2625)
Seat 2: Hak_Poker (810)
Seat 4: KroKrogan (1875)
Seat 5: - NAPOKER - (1240)
Seat 7: Mars_Attack (2400)
Seat 8: sabre_laser (3320)
Seat 9: L4B3LVi3 (2730)
*** ANTE/BLINDS ***
Mars_Attack posts ante 50
sabre_laser posts ante 50
SsPaRtaCuSS posts ante 50
Hak_Poker posts ante 50
KroKrogan posts ante 50
- NAPOKER - posts ante 50
L4B3LVi3 posts ante 50
Mars_Attack posts small blind 200
sabre_laser posts big blind 400
Dealt to sabre_laser [8d 2s]
*** PRE-FLOP *** 
L4B3LVi3 folds
SsPaRtaCuSS folds
Hak_Poker raises 360 to 760 and is all-in
KroKrogan folds
- NAPOKER - folds
Mars_Attack folds
sabre_laser calls 360
*** FLOP *** [6h 6d 7s]
*** TURN *** [6h 6d 7s][7c]
*** RIVER *** [6h 6d 7s 7c][8s]
*** SHOW DOWN ***
Hak_Poker shows [Qs Ac] (Two pairs : 7 and 6)
sabre_laser shows [8d 2s] (Two pairs : 8 and 7)
sabre_laser collected 2070 from pot
*** SUMMARY ***
Total pot 2070 | No rake
Board: [6h 6d 7s 7c 8s]
Seat 2: Hak_Poker showed [Qs Ac] and lost with Two pairs : 7 and 6
Seat 8: sabre_laser (big blind) showed [8d 2s] and won 2070 with Two pairs : 8 and 7


Winamax Poker - Tournament "Double or Nothing" buyIn: 0,46€ + 0,04€ level: 9 - HandId: #558786523793719297-68-1441751468 - Holdem no limit (50/200/400) - 2015/09/08 22:31:08 UTC
Table: 'Double or Nothing(130102626)#0' 10-max (real money) Seat #7 is the button
Seat 1: SsPaRtaCuSS (2575)
Seat 4: KroKrogan (1825)
Seat 5: - NAPOKER - (1190)
Seat 7: Mars_Attack (2150)
Seat 8: sabre_laser (4580)
Seat 9: L4B3LVi3 (2680)
*** ANTE/BLINDS ***
sabre_laser posts ante 50
L4B3LVi3 posts ante 50
SsPaRtaCuSS posts ante 50
KroKrogan posts ante 50
- NAPOKER - posts ante 50
Mars_Attack posts ante 50
sabre_laser posts small blind 200
L4B3LVi3 posts big blind 400
Dealt to sabre_laser [4d Tc]
*** PRE-FLOP *** 
SsPaRtaCuSS folds
KroKrogan folds
- NAPOKER - folds
Mars_Attack folds
sabre_laser folds
L4B3LVi3 collected 900 from pot
*** SUMMARY ***
Total pot 900 | No rake
Seat 9: L4B3LVi3 (big blind) won 900


Winamax Poker - Tournament "Double or Nothing" buyIn: 0,46€ + 0,04€ level: 9 - HandId: #558786523793719297-69-1441751481 - Holdem no limit (50/200/400) - 2015/09/08 22:31:21 UTC
Table: 'Double or Nothing(130102626)#0' 10-max (real money) Seat #8 is the button
Seat 1: SsPaRtaCuSS (2525)
Seat 4: KroKrogan (1775)
Seat 5: - NAPOKER - (1140)
Seat 7: Mars_Attack (2100)
Seat 8: sabre_laser (4330)
Seat 9: L4B3LVi3 (3130)
*** ANTE/BLINDS ***
L4B3LVi3 posts ante 50
SsPaRtaCuSS posts ante 50
KroKrogan posts ante 50
- NAPOKER - posts ante 50
Mars_Attack posts ante 50
sabre_laser posts ante 50
L4B3LVi3 posts small blind 200
SsPaRtaCuSS posts big blind 400
Dealt to sabre_laser [Ad Tc]
*** PRE-FLOP *** 
KroKrogan raises 1325 to 1725 and is all-in
- NAPOKER - folds
Mars_Attack folds
sabre_laser folds
L4B3LVi3 folds
SsPaRtaCuSS folds
KroKrogan collected 2625 from pot
*** SUMMARY ***
Total pot 2625 | No rake
Seat 4: KroKrogan won 2625


Winamax Poker - Tournament "Double or Nothing" buyIn: 0,46€ + 0,04€ level: 9 - HandId: #558786523793719297-70-1441751511 - Holdem no limit (50/200/400) - 2015/09/08 22:31:51 UTC
Table: 'Double or Nothing(130102626)#0' 10-max (real money) Seat #9 is the button
Seat 1: SsPaRtaCuSS (2075)
Seat 4: KroKrogan (2625)
Seat 5: - NAPOKER - (1090)
Seat 7: Mars_Attack (2050)
Seat 8: sabre_laser (4280)
Seat 9: L4B3LVi3 (2880)
*** ANTE/BLINDS ***
SsPaRtaCuSS posts ante 50
KroKrogan posts ante 50
- NAPOKER - posts ante 50
Mars_Attack posts ante 50
sabre_laser posts ante 50
L4B3LVi3 posts ante 50
SsPaRtaCuSS posts small blind 200
KroKrogan posts big blind 400
Dealt to sabre_laser [Ac 3c]
*** PRE-FLOP *** 
- NAPOKER - raises 640 to 1040 and is all-in
Mars_Attack folds
sabre_laser folds
L4B3LVi3 folds
SsPaRtaCuSS folds
KroKrogan folds
- NAPOKER - collected 1940 from pot
*** SUMMARY ***
Total pot 1940 | No rake
Seat 5: - NAPOKER - won 1940


Winamax Poker - Tournament "Double or Nothing" buyIn: 0,46€ + 0,04€ level: 9 - HandId: #558786523793719297-71-1441751542 - Holdem no limit (50/200/400) - 2015/09/08 22:32:22 UTC
Table: 'Double or Nothing(130102626)#0' 10-max (real money) Seat #1 is the button
Seat 1: SsPaRtaCuSS (1825)
Seat 4: KroKrogan (2175)
Seat 5: - NAPOKER - (1940)
Seat 7: Mars_Attack (2000)
Seat 8: sabre_laser (4230)
Seat 9: L4B3LVi3 (2830)
*** ANTE/BLINDS ***
KroKrogan posts ante 50
- NAPOKER - posts ante 50
SsPaRtaCuSS posts ante 50
Mars_Attack posts ante 50
sabre_laser posts ante 50
L4B3LVi3 posts ante 50
KroKrogan posts small blind 200
- NAPOKER - posts big blind 400
Dealt to sabre_laser [Qc 6d]
*** PRE-FLOP *** 
Mars_Attack folds
sabre_laser folds
L4B3LVi3 folds
SsPaRtaCuSS raises 1375 to 1775 and is all-in
KroKrogan folds
- NAPOKER - calls 1375
*** FLOP *** [9d 3s 3h]
*** TURN *** [9d 3s 3h][2d]
*** RIVER *** [9d 3s 3h 2d][2c]
*** SHOW DOWN ***
SsPaRtaCuSS shows [Ac 4s] (Two pairs : 3 and 2)
- NAPOKER - shows [Qd Qs] (Two pairs : Queens and 3)
- NAPOKER - collected 4050 from pot
*** SUMMARY ***
Total pot 4050 | No rake
Board: [9d 3s 3h 2d 2c]
Seat 1: SsPaRtaCuSS (button) showed [Ac 4s] and lost with Two pairs : 3 and 2
Seat 5: - NAPOKER - (big blind) showed [Qd Qs] and won 4050 with Two pairs : Queens and 3


