Winamax Poker - CashGame - HandId: #7500678-172-1430952439 - Holdem no limit (0.01€/0.02€) - 2015/05/06 22:47:19 UTC
Table: 'Frankfurt 11' 9-max (real money) Seat #2 is the button
Seat 1: TheYuksek (3.30€)
Seat 2: xxTrilliumxx (2€)
Seat 3: 21Flo21 (2.32€)
Seat 4: Chloemagique (3.91€)
Seat 5: fazed (2.36€)
Seat 6: jackingurbk (2.04€)
Seat 7: sabre_laser (2€)
Seat 8: Deamondave (1.47€)
Seat 9: lIlI-Banzaii (3.75€)
*** ANTE/BLINDS ***
21Flo21 posts small blind 0.01€
fazed posts big blind 0.02€
sabre_laser posts big blind 0.02€ out of position
Dealt to sabre_laser [9s 6c]
*** PRE-FLOP *** 
jackingurbk folds
sabre_laser checks
Deamondave folds
lIlI-Banzaii folds
TheYuksek calls 0.02€
xxTrilliumxx folds
21Flo21 folds
fazed checks
*** FLOP *** [Ac Jd 5s]
fazed checks
sabre_laser checks
TheYuksek checks
*** TURN *** [Ac Jd 5s][2h]
fazed checks
sabre_laser bets 0.07€
TheYuksek raises 0.07€ to 0.14€
fazed folds
sabre_laser folds
TheYuksek collected 0.27€ from pot
*** SUMMARY ***
Total pot 0.27€ | Rake 0.01€
Board: [Ac Jd 5s 2h]
Seat 1: TheYuksek won 0.27€


Winamax Poker - CashGame - HandId: #7500678-173-1430952528 - Holdem no limit (0.01€/0.02€) - 2015/05/06 22:48:48 UTC
Table: 'Frankfurt 11' 9-max (real money) Seat #3 is the button
Seat 1: TheYuksek (3.41€)
Seat 2: xxTrilliumxx (2€)
Seat 3: 21Flo21 (2.31€)
Seat 4: Chloemagique (3.91€)
Seat 5: fazed (2.34€)
Seat 6: jackingurbk (2.04€)
Seat 7: sabre_laser (1.91€)
Seat 8: Deamondave (1.47€)
Seat 9: lIlI-Banzaii (3.75€)
*** ANTE/BLINDS ***
fazed posts small blind 0.01€
jackingurbk posts big blind 0.02€
Dealt to sabre_laser [9s Ac]
*** PRE-FLOP *** 
sabre_laser folds
Deamondave folds
lIlI-Banzaii folds
TheYuksek calls 0.02€
xxTrilliumxx folds
21Flo21 folds
fazed folds
jackingurbk checks
*** FLOP *** [9d 7h 8d]
jackingurbk checks
TheYuksek checks
*** TURN *** [9d 7h 8d][Qc]
jackingurbk bets 0.04€
TheYuksek raises 0.04€ to 0.08€
jackingurbk calls 0.04€
*** RIVER *** [9d 7h 8d Qc][5c]
jackingurbk checks
TheYuksek bets 0.11€
jackingurbk folds
TheYuksek collected 0.31€ from pot
*** SUMMARY ***
Total pot 0.31€ | Rake 0.01€
Board: [9d 7h 8d Qc 5c]
Seat 1: TheYuksek won 0.31€


Winamax Poker - CashGame - HandId: #7500678-174-1430952618 - Holdem no limit (0.01€/0.02€) - 2015/05/06 22:50:18 UTC
Table: 'Frankfurt 11' 9-max (real money) Seat #5 is the button
Seat 1: TheYuksek (3.51€)
Seat 2: xxTrilliumxx (2€)
Seat 3: 21Flo21 (2.31€)
Seat 4: Chloemagique (3.91€)
Seat 5: fazed (2.33€)
Seat 6: jackingurbk (2€)
Seat 7: sabre_laser (1.91€)
Seat 8: Deamondave (1.47€)
Seat 9: lIlI-Banzaii (3.75€)
*** ANTE/BLINDS ***
jackingurbk posts small blind 0.01€
sabre_laser posts big blind 0.02€
Dealt to sabre_laser [9d Th]
*** PRE-FLOP *** 
Deamondave folds
lIlI-Banzaii folds
TheYuksek calls 0.02€
xxTrilliumxx folds
21Flo21 folds
fazed folds
jackingurbk folds
sabre_laser checks
*** FLOP *** [Js Jc 9c]
sabre_laser checks
TheYuksek checks
*** TURN *** [Js Jc 9c][Ac]
sabre_laser checks
TheYuksek checks
*** RIVER *** [Js Jc 9c Ac][Kh]
sabre_laser checks
TheYuksek bets 0.05€
sabre_laser calls 0.05€
*** SHOW DOWN ***
sabre_laser shows [9d Th] (Two pairs : Jacks and 9)
TheYuksek shows [5s Ad] (Two pairs : Aces and Jacks)
TheYuksek collected 0.14€ from pot
*** SUMMARY ***
Total pot 0.14€ | Rake 0.01€
Board: [Js Jc 9c Ac Kh]
Seat 1: TheYuksek showed [5s Ad] and won 0.14€ with Two pairs : Aces and Jacks
Seat 7: sabre_laser (big blind) showed [9d Th] and lost with Two pairs : Jacks and 9


Winamax Poker - CashGame - HandId: #7500678-175-1430952679 - Holdem no limit (0.01€/0.02€) - 2015/05/06 22:51:19 UTC
Table: 'Frankfurt 11' 9-max (real money) Seat #6 is the button
Seat 1: TheYuksek (3.58€)
Seat 2: xxTrilliumxx (2€)
Seat 3: 21Flo21 (2.31€)
Seat 4: Chloemagique (3.91€)
Seat 5: fazed (2.33€)
Seat 6: jackingurbk (2€)
Seat 7: sabre_laser (1.84€)
Seat 8: Deamondave (1.47€)
Seat 9: lIlI-Banzaii (3.75€)
*** ANTE/BLINDS ***
sabre_laser posts small blind 0.01€
Deamondave posts big blind 0.02€
Dealt to sabre_laser [Ks Kc]
*** PRE-FLOP *** 
lIlI-Banzaii folds
TheYuksek folds
xxTrilliumxx folds
21Flo21 folds
fazed folds
jackingurbk folds
sabre_laser raises 0.02€ to 0.04€
Deamondave calls 0.02€
*** FLOP *** [Jd 9c 7h]
sabre_laser bets 0.03€
Deamondave calls 0.03€
*** TURN *** [Jd 9c 7h][9s]
sabre_laser checks
Deamondave checks
*** RIVER *** [Jd 9c 7h 9s][Js]
sabre_laser checks
Deamondave bets 0.12€
sabre_laser folds
Deamondave collected 0.25€ from pot
*** SUMMARY ***
Total pot 0.25€ | Rake 0.01€
Board: [Jd 9c 7h 9s Js]
Seat 8: Deamondave (big blind) won 0.25€


Winamax Poker - CashGame - HandId: #7500678-176-1430952783 - Holdem no limit (0.01€/0.02€) - 2015/05/06 22:53:03 UTC
Table: 'Frankfurt 11' 9-max (real money) Seat #7 is the button
Seat 1: TheYuksek (3.58€)
Seat 2: xxTrilliumxx (2€)
Seat 3: 21Flo21 (2.31€)
Seat 5: fazed (2.33€)
Seat 6: jackingurbk (2€)
Seat 7: sabre_laser (1.77€)
Seat 8: Deamondave (1.53€)
Seat 9: lIlI-Banzaii (3.75€)
*** ANTE/BLINDS ***
Deamondave posts small blind 0.01€
lIlI-Banzaii posts big blind 0.02€
Dealt to sabre_laser [As Kh]
*** PRE-FLOP *** 
TheYuksek calls 0.02€
xxTrilliumxx folds
21Flo21 folds
fazed folds
jackingurbk folds
sabre_laser raises 0.04€ to 0.06€
Deamondave folds
lIlI-Banzaii folds
TheYuksek folds
sabre_laser collected 0.11€ from pot
*** SUMMARY ***
Total pot 0.11€ | No rake
Seat 7: sabre_laser (button) won 0.11€


Winamax Poker - CashGame - HandId: #7500678-177-1430952822 - Holdem no limit (0.01€/0.02€) - 2015/05/06 22:53:42 UTC
Table: 'Frankfurt 11' 9-max (real money) Seat #8 is the button
Seat 1: TheYuksek (3.56€)
Seat 2: xxTrilliumxx (2€)
Seat 3: 21Flo21 (2.31€)
Seat 5: fazed (2.33€)
Seat 6: jackingurbk (2€)
Seat 7: sabre_laser (1.82€)
Seat 8: Deamondave (1.52€)
Seat 9: lIlI-Banzaii (3.73€)
*** ANTE/BLINDS ***
lIlI-Banzaii posts small blind 0.01€
TheYuksek posts big blind 0.02€
Dealt to sabre_laser [Qd 7d]
*** PRE-FLOP *** 
xxTrilliumxx folds
21Flo21 folds
fazed raises 0.04€ to 0.06€
jackingurbk folds
sabre_laser folds
Deamondave calls 0.06€
lIlI-Banzaii raises 0.18€ to 0.24€
TheYuksek folds
fazed folds
Deamondave raises 1.28€ to 1.52€ and is all-in
lIlI-Banzaii folds
Deamondave collected 1.84€ from pot
*** SUMMARY ***
Total pot 1.84€ | No rake
Seat 8: Deamondave (button) won 1.84€


Winamax Poker - CashGame - HandId: #7500678-178-1430952908 - Holdem no limit (0.01€/0.02€) - 2015/05/06 22:55:08 UTC
Table: 'Frankfurt 11' 9-max (real money) Seat #9 is the button
Seat 1: TheYuksek (3.54€)
Seat 2: xxTrilliumxx (2€)
Seat 3: 21Flo21 (2.31€)
Seat 5: fazed (2.27€)
Seat 6: jackingurbk (2€)
Seat 7: sabre_laser (1.82€)
Seat 8: Deamondave (1.84€)
Seat 9: lIlI-Banzaii (3.49€)
*** ANTE/BLINDS ***
xxTrilliumxx denies big blind
TheYuksek posts small blind 0.01€
21Flo21 posts big blind 0.02€
Dealt to sabre_laser [Jd 7d]
*** PRE-FLOP *** 
fazed folds
jackingurbk raises 0.04€ to 0.06€
sabre_laser folds
Deamondave folds
lIlI-Banzaii folds
TheYuksek folds
21Flo21 folds
jackingurbk collected 0.09€ from pot
*** SUMMARY ***
Total pot 0.09€ | No rake
Seat 6: jackingurbk won 0.09€


Winamax Poker - CashGame - HandId: #7500678-179-1430952949 - Holdem no limit (0.01€/0.02€) - 2015/05/06 22:55:49 UTC
Table: 'Frankfurt 11' 9-max (real money) Seat #1 is the button
Seat 1: TheYuksek (3.53€)
Seat 3: 21Flo21 (2.29€)
Seat 5: fazed (2.27€)
Seat 6: jackingurbk (2.03€)
Seat 7: sabre_laser (1.82€)
Seat 8: Deamondave (1.84€)
Seat 9: lIlI-Banzaii (3.49€)
*** ANTE/BLINDS ***
21Flo21 posts small blind 0.01€
fazed posts big blind 0.02€
Dealt to sabre_laser [Ad 8d]
*** PRE-FLOP *** 
jackingurbk folds
sabre_laser raises 0.04€ to 0.06€
Deamondave folds
lIlI-Banzaii folds
TheYuksek folds
21Flo21 folds
fazed folds
sabre_laser collected 0.09€ from pot
*** SUMMARY ***
Total pot 0.09€ | No rake
Seat 7: sabre_laser won 0.09€


Winamax Poker - CashGame - HandId: #7500678-180-1430953010 - Holdem no limit (0.01€/0.02€) - 2015/05/06 22:56:50 UTC
Table: 'Frankfurt 11' 9-max (real money) Seat #3 is the button
Seat 1: TheYuksek (3.53€)
Seat 3: 21Flo21 (2.28€)
Seat 5: fazed (2.25€)
Seat 6: jackingurbk (2.03€)
Seat 7: sabre_laser (1.85€)
Seat 8: Deamondave (1.84€)
Seat 9: lIlI-Banzaii (3.49€)
*** ANTE/BLINDS ***
fazed posts small blind 0.01€
jackingurbk posts big blind 0.02€
Dealt to sabre_laser [3s Kd]
*** PRE-FLOP *** 
sabre_laser folds
Deamondave folds
lIlI-Banzaii folds
TheYuksek folds
21Flo21 folds
fazed folds
jackingurbk collected 0.03€ from pot
*** SUMMARY ***
Total pot 0.03€ | No rake
Seat 6: jackingurbk (big blind) won 0.03€


Winamax Poker - CashGame - HandId: #7500678-181-1430953062 - Holdem no limit (0.01€/0.02€) - 2015/05/06 22:57:42 UTC
Table: 'Frankfurt 11' 9-max (real money) Seat #5 is the button
Seat 1: TheYuksek (3.53€)
Seat 3: 21Flo21 (2.28€)
Seat 4: Sealener (1€)
Seat 5: fazed (2.24€)
Seat 6: jackingurbk (2.04€)
Seat 7: sabre_laser (1.85€)
Seat 8: Deamondave (1.84€)
Seat 9: lIlI-Banzaii (3.49€)
*** ANTE/BLINDS ***
jackingurbk posts small blind 0.01€
sabre_laser posts big blind 0.02€
Sealener posts big blind 0.02€ out of position
Dealt to sabre_laser [9d Th]
*** PRE-FLOP *** 
Deamondave raises 0.06€ to 0.08€
lIlI-Banzaii folds
TheYuksek folds
21Flo21 folds
Sealener folds
fazed folds
jackingurbk folds
sabre_laser folds
Deamondave collected 0.13€ from pot
*** SUMMARY ***
Total pot 0.13€ | No rake
Seat 8: Deamondave won 0.13€


Winamax Poker - CashGame - HandId: #7500678-182-1430953102 - Holdem no limit (0.01€/0.02€) - 2015/05/06 22:58:22 UTC
Table: 'Frankfurt 11' 9-max (real money) Seat #6 is the button
Seat 1: TheYuksek (3.53€)
Seat 3: 21Flo21 (2.28€)
Seat 4: Sealener (0.98€)
Seat 5: fazed (2.24€)
Seat 6: jackingurbk (2.03€)
Seat 7: sabre_laser (1.83€)
Seat 8: Deamondave (1.89€)
Seat 9: lIlI-Banzaii (3.49€)
*** ANTE/BLINDS ***
sabre_laser posts small blind 0.01€
Deamondave posts big blind 0.02€
Dealt to sabre_laser [Js Kc]
*** PRE-FLOP *** 
lIlI-Banzaii raises 0.05€ to 0.07€
TheYuksek folds
21Flo21 folds
Sealener folds
fazed folds
jackingurbk folds
sabre_laser calls 0.06€
Deamondave folds
*** FLOP *** [As 4c 7h]
sabre_laser checks
lIlI-Banzaii bets 0.12€
sabre_laser folds
lIlI-Banzaii collected 0.27€ from pot
*** SUMMARY ***
Total pot 0.27€ | Rake 0.01€
Board: [As 4c 7h]
Seat 9: lIlI-Banzaii won 0.27€


Winamax Poker - CashGame - HandId: #7500678-183-1430953205 - Holdem no limit (0.01€/0.02€) - 2015/05/06 23:00:05 UTC
Table: 'Frankfurt 11' 9-max (real money) Seat #7 is the button
Seat 1: TheYuksek (3.53€)
Seat 3: 21Flo21 (2.28€)
Seat 4: Sealener (0.98€)
Seat 5: fazed (2.24€)
Seat 6: jackingurbk (2.03€)
Seat 7: sabre_laser (1.76€)
Seat 8: Deamondave (1.87€)
Seat 9: lIlI-Banzaii (3.57€)
*** ANTE/BLINDS ***
Deamondave posts small blind 0.01€
lIlI-Banzaii posts big blind 0.02€
Dealt to sabre_laser [3h 4d]
*** PRE-FLOP *** 
TheYuksek folds
21Flo21 folds
Sealener calls 0.02€
fazed raises 0.06€ to 0.08€
jackingurbk folds
sabre_laser folds
Deamondave folds
lIlI-Banzaii folds
Sealener folds
fazed collected 0.13€ from pot
*** SUMMARY ***
Total pot 0.13€ | No rake
Seat 5: fazed won 0.13€


Winamax Poker - CashGame - HandId: #7500678-184-1430953238 - Holdem no limit (0.01€/0.02€) - 2015/05/06 23:00:38 UTC
Table: 'Frankfurt 11' 9-max (real money) Seat #8 is the button
Seat 1: TheYuksek (3.53€)
Seat 3: 21Flo21 (2.28€)
Seat 4: Sealener (0.96€)
Seat 5: fazed (2.29€)
Seat 6: jackingurbk (2.03€)
Seat 7: sabre_laser (1.76€)
Seat 8: Deamondave (1.86€)
Seat 9: lIlI-Banzaii (3.55€)
*** ANTE/BLINDS ***
lIlI-Banzaii posts small blind 0.01€
TheYuksek posts big blind 0.02€
Dealt to sabre_laser [6s 3s]
*** PRE-FLOP *** 
21Flo21 folds
Sealener folds
fazed folds
jackingurbk folds
sabre_laser folds
Deamondave folds
lIlI-Banzaii raises 0.04€ to 0.06€
TheYuksek folds
lIlI-Banzaii collected 0.08€ from pot
*** SUMMARY ***
Total pot 0.08€ | No rake
Seat 9: lIlI-Banzaii (small blind) won 0.08€


Winamax Poker - CashGame - HandId: #7500678-185-1430953278 - Holdem no limit (0.01€/0.02€) - 2015/05/06 23:01:18 UTC
Table: 'Frankfurt 11' 9-max (real money) Seat #9 is the button
Seat 1: TheYuksek (3.51€)
Seat 3: 21Flo21 (2.28€)
Seat 4: Sealener (0.96€)
Seat 6: jackingurbk (2.03€)
Seat 7: sabre_laser (1.76€)
Seat 8: Deamondave (1.86€)
Seat 9: lIlI-Banzaii (3.57€)
*** ANTE/BLINDS ***
TheYuksek posts small blind 0.01€
21Flo21 posts big blind 0.02€
Dealt to sabre_laser [9c 4d]
*** PRE-FLOP *** 
Sealener folds
jackingurbk raises 0.04€ to 0.06€
sabre_laser folds
Deamondave folds
lIlI-Banzaii folds
TheYuksek folds
21Flo21 folds
jackingurbk collected 0.09€ from pot
*** SUMMARY ***
Total pot 0.09€ | No rake
Seat 6: jackingurbk won 0.09€


Winamax Poker - CashGame - HandId: #7500678-186-1430953313 - Holdem no limit (0.01€/0.02€) - 2015/05/06 23:01:53 UTC
Table: 'Frankfurt 11' 9-max (real money) Seat #1 is the button
Seat 1: TheYuksek (3.50€)
Seat 3: 21Flo21 (2.26€)
Seat 4: Sealener (0.96€)
Seat 6: jackingurbk (2.06€)
Seat 7: sabre_laser (1.76€)
Seat 8: Deamondave (1.86€)
Seat 9: lIlI-Banzaii (3.57€)
*** ANTE/BLINDS ***
21Flo21 posts small blind 0.01€
Sealener posts big blind 0.02€
Dealt to sabre_laser [Qc Ah]
*** PRE-FLOP *** 
jackingurbk folds
sabre_laser raises 0.04€ to 0.06€
lIlI-Banzaii folds
TheYuksek folds
21Flo21 folds
Sealener folds
sabre_laser collected 0.09€ from pot
*** SUMMARY ***
Total pot 0.09€ | No rake
Seat 7: sabre_laser won 0.09€


Winamax Poker - CashGame - HandId: #7500678-187-1430953340 - Holdem no limit (0.01€/0.02€) - 2015/05/06 23:02:20 UTC
Table: 'Frankfurt 11' 9-max (real money) Seat #3 is the button
Seat 1: TheYuksek (3.50€)
Seat 3: 21Flo21 (2.25€)
Seat 4: Sealener (0.94€)
Seat 6: jackingurbk (2.06€)
Seat 7: sabre_laser (1.79€)
Seat 8: Deamondave (1.86€)
Seat 9: lIlI-Banzaii (3.57€)
*** ANTE/BLINDS ***
jackingurbk denies big blind
Sealener posts small blind 0.01€
sabre_laser posts big blind 0.02€
Dealt to sabre_laser [Qc 9d]
*** PRE-FLOP *** 
lIlI-Banzaii folds
TheYuksek folds
21Flo21 folds
Sealener calls 0.01€
sabre_laser checks
*** FLOP *** [7s 6h As]
Sealener checks
sabre_laser checks
*** TURN *** [7s 6h As][2s]
Sealener checks
sabre_laser bets 0.04€
Sealener calls 0.04€
*** RIVER *** [7s 6h As 2s][2h]
Sealener checks
sabre_laser bets 0.11€
Sealener folds
sabre_laser collected 0.22€ from pot
*** SUMMARY ***
Total pot 0.22€ | Rake 0.01€
Board: [7s 6h As 2s 2h]
Seat 7: sabre_laser (big blind) won 0.22€


Winamax Poker - CashGame - HandId: #7500678-188-1430953414 - Holdem no limit (0.01€/0.02€) - 2015/05/06 23:03:34 UTC
Table: 'Frankfurt 11' 9-max (real money) Seat #4 is the button
Seat 1: TheYuksek (3.50€)
Seat 3: 21Flo21 (2.25€)
Seat 4: Sealener (0.88€)
Seat 6: jackingurbk (2.06€)
Seat 7: sabre_laser (1.84€)
Seat 8: Deamondave (1.86€)
Seat 9: lIlI-Banzaii (3.57€)
*** ANTE/BLINDS ***
sabre_laser posts small blind 0.01€
lIlI-Banzaii posts big blind 0.02€
Dealt to sabre_laser [Js Td]
*** PRE-FLOP *** 
TheYuksek folds
21Flo21 folds
Sealener calls 0.02€
sabre_laser calls 0.01€
lIlI-Banzaii checks
*** FLOP *** [3h Qs 7d]
sabre_laser checks
lIlI-Banzaii checks
Sealener checks
*** TURN *** [3h Qs 7d][2h]
sabre_laser checks
lIlI-Banzaii checks
Sealener checks
*** RIVER *** [3h Qs 7d 2h][3d]
sabre_laser checks
lIlI-Banzaii bets 0.06€
Sealener folds
sabre_laser folds
lIlI-Banzaii collected 0.12€ from pot
*** SUMMARY ***
Total pot 0.12€ | No rake
Board: [3h Qs 7d 2h 3d]
Seat 9: lIlI-Banzaii (big blind) won 0.12€


Winamax Poker - CashGame - HandId: #7500678-189-1430953493 - Holdem no limit (0.01€/0.02€) - 2015/05/06 23:04:53 UTC
Table: 'Frankfurt 11' 9-max (real money) Seat #7 is the button
Seat 1: TheYuksek (3.50€)
Seat 3: 21Flo21 (2.25€)
Seat 4: Sealener (0.86€)
Seat 7: sabre_laser (1.82€)
Seat 9: lIlI-Banzaii (3.61€)
*** ANTE/BLINDS ***
lIlI-Banzaii posts small blind 0.01€
TheYuksek posts big blind 0.02€
Dealt to sabre_laser [4s Ah]
*** PRE-FLOP *** 
21Flo21 folds
Sealener calls 0.02€
sabre_laser folds
lIlI-Banzaii folds
TheYuksek checks
*** FLOP *** [3s 9d 7h]
TheYuksek bets 0.02€
Sealener calls 0.02€
*** TURN *** [3s 9d 7h][8c]
TheYuksek bets 0.02€
Sealener calls 0.02€
*** RIVER *** [3s 9d 7h 8c][Jd]
TheYuksek bets 0.13€
Sealener folds
TheYuksek collected 0.25€ from pot
*** SUMMARY ***
Total pot 0.25€ | Rake 0.01€
Board: [3s 9d 7h 8c Jd]
Seat 1: TheYuksek (big blind) won 0.25€


Winamax Poker - CashGame - HandId: #7500678-190-1430953560 - Holdem no limit (0.01€/0.02€) - 2015/05/06 23:06:00 UTC
Table: 'Frankfurt 11' 9-max (real money) Seat #9 is the button
Seat 1: TheYuksek (3.56€)
Seat 3: 21Flo21 (2.25€)
Seat 4: Sealener (0.80€)
Seat 7: sabre_laser (1.82€)
Seat 9: lIlI-Banzaii (3.60€)
*** ANTE/BLINDS ***
21Flo21 denies big blind
TheYuksek posts small blind 0.01€
Sealener posts big blind 0.02€
Dealt to sabre_laser [9c 5h]
*** PRE-FLOP *** 
sabre_laser folds
lIlI-Banzaii folds
TheYuksek raises 0.04€ to 0.06€
Sealener calls 0.04€
*** FLOP *** [6s Qs Jh]
TheYuksek checks
Sealener bets 0.02€
TheYuksek raises 0.08€ to 0.10€
Sealener calls 0.08€
*** TURN *** [6s Qs Jh][Qh]
TheYuksek checks
Sealener bets 0.02€
TheYuksek raises 0.18€ to 0.20€
Sealener raises 0.18€ to 0.38€
TheYuksek calls 0.18€
*** RIVER *** [6s Qs Jh Qh][6d]
TheYuksek checks
Sealener bets 0.02€
TheYuksek calls 0.02€
*** SHOW DOWN ***
TheYuksek shows [4h Ad] (Two pairs : Queens and 6)
Sealener shows [Qd 8d] (Full of Queens and 6)
Sealener collected 1.05€ from pot
*** SUMMARY ***
Total pot 1.05€ | Rake 0.07€
Board: [6s Qs Jh Qh 6d]
Seat 1: TheYuksek (small blind) showed [4h Ad] and lost with Two pairs : Queens and 6
Seat 4: Sealener (big blind) showed [Qd 8d] and won 1.05€ with Full of Queens and 6


Winamax Poker - CashGame - HandId: #7500678-191-1430953640 - Holdem no limit (0.01€/0.02€) - 2015/05/06 23:07:20 UTC
Table: 'Frankfurt 11' 9-max (real money) Seat #1 is the button
Seat 1: TheYuksek (3€)
Seat 4: Sealener (1.29€)
Seat 7: sabre_laser (1.82€)
Seat 9: lIlI-Banzaii (3.60€)
*** ANTE/BLINDS ***
Sealener posts small blind 0.01€
sabre_laser posts big blind 0.02€
Dealt to sabre_laser [Qh 6c]
*** PRE-FLOP *** 
lIlI-Banzaii raises 0.04€ to 0.06€
TheYuksek folds
Sealener calls 0.05€
sabre_laser calls 0.04€
*** FLOP *** [As 6h Th]
Sealener checks
sabre_laser checks
lIlI-Banzaii checks
*** TURN *** [As 6h Th][4c]
Sealener checks
sabre_laser bets 0.09€
lIlI-Banzaii folds
Sealener folds
sabre_laser collected 0.26€ from pot
*** SUMMARY ***
Total pot 0.26€ | Rake 0.01€
Board: [As 6h Th 4c]
Seat 7: sabre_laser (big blind) won 0.26€


Winamax Poker - CashGame - HandId: #7500678-192-1430953689 - Holdem no limit (0.01€/0.02€) - 2015/05/06 23:08:09 UTC
Table: 'Frankfurt 11' 9-max (real money) Seat #4 is the button
Seat 1: TheYuksek (3€)
Seat 4: Sealener (1.23€)
Seat 7: sabre_laser (1.93€)
Seat 9: lIlI-Banzaii (3.54€)
*** ANTE/BLINDS ***
sabre_laser posts small blind 0.01€
lIlI-Banzaii posts big blind 0.02€
Dealt to sabre_laser [8d 3h]
*** PRE-FLOP *** 
TheYuksek folds
Sealener calls 0.02€
sabre_laser calls 0.01€
lIlI-Banzaii checks
*** FLOP *** [Ac 9s 2d]
sabre_laser checks
lIlI-Banzaii checks
Sealener checks
*** TURN *** [Ac 9s 2d][Qh]
sabre_laser checks
lIlI-Banzaii checks
Sealener checks
*** RIVER *** [Ac 9s 2d Qh][6h]
sabre_laser checks
lIlI-Banzaii checks
Sealener checks
*** SHOW DOWN ***
Sealener shows [Ks 4s] (High card : Ace)
sabre_laser shows [8d 3h] (High card : Ace)
lIlI-Banzaii shows [Qd 4d] (One pair : Queens)
lIlI-Banzaii collected 0.06€ from pot
*** SUMMARY ***
Total pot 0.06€ | No rake
Board: [Ac 9s 2d Qh 6h]
Seat 4: Sealener (button) showed [Ks 4s] and lost with High card : Ace
Seat 7: sabre_laser (small blind) showed [8d 3h] and lost with High card : Ace
Seat 9: lIlI-Banzaii (big blind) showed [Qd 4d] and won 0.06€ with One pair : Queens


Winamax Poker - CashGame - HandId: #7500678-193-1430953781 - Holdem no limit (0.01€/0.02€) - 2015/05/06 23:09:41 UTC
Table: 'Frankfurt 11' 9-max (real money) Seat #7 is the button
Seat 4: Sealener (1.21€)
Seat 7: sabre_laser (1.91€)
Seat 9: lIlI-Banzaii (3.58€)
*** ANTE/BLINDS ***
lIlI-Banzaii posts small blind 0.01€
Sealener posts big blind 0.02€
Dealt to sabre_laser [Js 9d]
*** PRE-FLOP *** 
sabre_laser folds
lIlI-Banzaii raises 0.04€ to 0.06€
Sealener folds
lIlI-Banzaii collected 0.08€ from pot
*** SUMMARY ***
Total pot 0.08€ | No rake
Seat 9: lIlI-Banzaii (small blind) won 0.08€


Winamax Poker - CashGame - HandId: #7500678-194-1430953807 - Holdem no limit (0.01€/0.02€) - 2015/05/06 23:10:07 UTC
Table: 'Frankfurt 11' 9-max (real money) Seat #9 is the button
Seat 4: Sealener (1.19€)
Seat 7: sabre_laser (1.91€)
Seat 9: lIlI-Banzaii (3.60€)
*** ANTE/BLINDS ***
Sealener posts small blind 0.01€
sabre_laser posts big blind 0.02€
Dealt to sabre_laser [9s Kd]
*** PRE-FLOP *** 
lIlI-Banzaii folds
Sealener calls 0.01€
sabre_laser checks
*** FLOP *** [Ah 3h 8h]
Sealener checks
sabre_laser bets 0.04€
Sealener folds
sabre_laser collected 0.08€ from pot
*** SUMMARY ***
Total pot 0.08€ | No rake
Board: [Ah 3h 8h]
Seat 7: sabre_laser (big blind) won 0.08€


Winamax Poker - CashGame - HandId: #7500678-195-1430953838 - Holdem no limit (0.01€/0.02€) - 2015/05/06 23:10:38 UTC
Table: 'Frankfurt 11' 9-max (real money) Seat #4 is the button
Seat 4: Sealener (1.17€)
Seat 7: sabre_laser (1.93€)
Seat 9: lIlI-Banzaii (3.60€)
*** ANTE/BLINDS ***
sabre_laser posts small blind 0.01€
lIlI-Banzaii posts big blind 0.02€
Dealt to sabre_laser [Ts Qc]
*** PRE-FLOP *** 
Sealener folds
sabre_laser raises 0.02€ to 0.04€
lIlI-Banzaii folds
sabre_laser collected 0.06€ from pot
*** SUMMARY ***
Total pot 0.06€ | No rake
Seat 7: sabre_laser (small blind) won 0.06€


Winamax Poker - CashGame - HandId: #7500678-196-1430953851 - Holdem no limit (0.01€/0.02€) - 2015/05/06 23:10:51 UTC
Table: 'Frankfurt 11' 9-max (real money) Seat #7 is the button
Seat 4: Sealener (1.17€)
Seat 7: sabre_laser (1.95€)
Seat 9: lIlI-Banzaii (3.58€)
*** ANTE/BLINDS ***
lIlI-Banzaii posts small blind 0.01€
Sealener posts big blind 0.02€
Dealt to sabre_laser [Kd 9h]
*** PRE-FLOP *** 
sabre_laser folds
lIlI-Banzaii folds
Sealener collected 0.03€ from pot
*** SUMMARY ***
Total pot 0.03€ | No rake
Seat 4: Sealener (big blind) won 0.03€


