Winamax Poker - Tournament "Double or Nothing" buyIn: 0,46€ + 0,04€ level: 0 - HandId: #479101578939203585-1-1425245270 - Holdem no limit (10/20) - 2015/03/01 21:27:50 UTC
Table: 'Double or Nothing(111549529)#0' 10-max (real money) Seat #5 is the button
Seat 1: Susanowo06 (1500)
Seat 2: ZefJok (1500)
Seat 3: Floo60 (1500)
Seat 4: pasbien12 (1500)
Seat 5: Dreamer02 (1500)
Seat 6: FERRARI 07 (1500)
Seat 7: LeBaudetGris (1500)
Seat 8: Niels Bohr (1500)
Seat 9: Hutarine (1500)
Seat 10: sabre_laser (1500)
*** ANTE/BLINDS ***
FERRARI 07 posts small blind 10
LeBaudetGris posts big blind 20
Dealt to sabre_laser [Ts 7h]
*** PRE-FLOP *** 
Niels Bohr folds
Hutarine folds
sabre_laser folds
Susanowo06 folds
ZefJok folds
Floo60 folds
pasbien12 folds
Dreamer02 raises 50 to 70
FERRARI 07 folds
LeBaudetGris calls 50
*** FLOP *** [Qc 2s Qs]
LeBaudetGris bets 1430 and is all-in
Dreamer02 folds
LeBaudetGris collected 1580 from pot
*** SUMMARY ***
Total pot 1580 | No rake
Board: [Qc 2s Qs]
Seat 7: LeBaudetGris (big blind) won 1580


Winamax Poker - Tournament "Double or Nothing" buyIn: 0,46€ + 0,04€ level: 0 - HandId: #479101578939203585-2-1425245343 - Holdem no limit (10/20) - 2015/03/01 21:29:03 UTC
Table: 'Double or Nothing(111549529)#0' 10-max (real money) Seat #6 is the button
Seat 1: Susanowo06 (1500)
Seat 2: ZefJok (1500)
Seat 3: Floo60 (1500)
Seat 4: pasbien12 (1500)
Seat 5: Dreamer02 (1430)
Seat 6: FERRARI 07 (1490)
Seat 7: LeBaudetGris (1580)
Seat 8: Niels Bohr (1500)
Seat 9: Hutarine (1500)
Seat 10: sabre_laser (1500)
*** ANTE/BLINDS ***
LeBaudetGris posts small blind 10
Niels Bohr posts big blind 20
Dealt to sabre_laser [9d 2h]
*** PRE-FLOP *** 
Hutarine folds
sabre_laser folds
Susanowo06 folds
ZefJok calls 20
Floo60 folds
pasbien12 folds
Dreamer02 folds
FERRARI 07 folds
LeBaudetGris calls 10
Niels Bohr checks
*** FLOP *** [8s As Ah]
LeBaudetGris checks
Niels Bohr checks
ZefJok checks
*** TURN *** [8s As Ah][Kc]
LeBaudetGris checks
Niels Bohr checks
ZefJok bets 60
LeBaudetGris folds
Niels Bohr folds
ZefJok collected 120 from pot
*** SUMMARY ***
Total pot 120 | No rake
Board: [8s As Ah Kc]
Seat 2: ZefJok won 120


Winamax Poker - Tournament "Double or Nothing" buyIn: 0,46€ + 0,04€ level: 0 - HandId: #479101578939203585-3-1425245457 - Holdem no limit (10/20) - 2015/03/01 21:30:57 UTC
Table: 'Double or Nothing(111549529)#0' 10-max (real money) Seat #7 is the button
Seat 1: Susanowo06 (1500)
Seat 2: ZefJok (1540)
Seat 3: Floo60 (1500)
Seat 4: pasbien12 (1500)
Seat 5: Dreamer02 (1430)
Seat 6: FERRARI 07 (1490)
Seat 7: LeBaudetGris (1560)
Seat 8: Niels Bohr (1480)
Seat 9: Hutarine (1500)
Seat 10: sabre_laser (1500)
*** ANTE/BLINDS ***
Niels Bohr posts small blind 10
Hutarine posts big blind 20
Dealt to sabre_laser [8h Jd]
*** PRE-FLOP *** 
sabre_laser folds
Susanowo06 folds
ZefJok folds
Floo60 folds
pasbien12 folds
Dreamer02 folds
FERRARI 07 folds
LeBaudetGris calls 20
Niels Bohr calls 10
Hutarine checks
*** FLOP *** [9s 6d Js]
Niels Bohr checks
Hutarine checks
LeBaudetGris checks
*** TURN *** [9s 6d Js][6c]
Niels Bohr checks
Hutarine checks
LeBaudetGris checks
*** RIVER *** [9s 6d Js 6c][7c]
Niels Bohr bets 90
Hutarine folds
LeBaudetGris folds
Niels Bohr collected 150 from pot
*** SUMMARY ***
Total pot 150 | No rake
Board: [9s 6d Js 6c 7c]
Seat 8: Niels Bohr (small blind) won 150


Winamax Poker - Tournament "Double or Nothing" buyIn: 0,46€ + 0,04€ level: 0 - HandId: #479101578939203585-4-1425245581 - Holdem no limit (10/20) - 2015/03/01 21:33:01 UTC
Table: 'Double or Nothing(111549529)#0' 10-max (real money) Seat #8 is the button
Seat 1: Susanowo06 (1500)
Seat 2: ZefJok (1540)
Seat 3: Floo60 (1500)
Seat 4: pasbien12 (1500)
Seat 5: Dreamer02 (1430)
Seat 6: FERRARI 07 (1490)
Seat 7: LeBaudetGris (1540)
Seat 8: Niels Bohr (1520)
Seat 9: Hutarine (1480)
Seat 10: sabre_laser (1500)
*** ANTE/BLINDS ***
Hutarine posts small blind 10
sabre_laser posts big blind 20
Dealt to sabre_laser [Ah 4s]
*** PRE-FLOP *** 
Susanowo06 folds
ZefJok folds
Floo60 folds
pasbien12 folds
Dreamer02 folds
FERRARI 07 folds
LeBaudetGris calls 20
Niels Bohr folds
Hutarine calls 10
sabre_laser checks
*** FLOP *** [Qh 5h Ts]
Hutarine bets 20
sabre_laser folds
LeBaudetGris raises 20 to 40
Hutarine calls 20
*** TURN *** [Qh 5h Ts][As]
Hutarine checks
LeBaudetGris checks
*** RIVER *** [Qh 5h Ts As][Jc]
Hutarine checks
LeBaudetGris checks
*** SHOW DOWN ***
LeBaudetGris shows [Td 7s] (One pair : Tens)
Hutarine shows [3c Qs] (One pair : Queens)
Hutarine collected 140 from pot
*** SUMMARY ***
Total pot 140 | No rake
Board: [Qh 5h Ts As Jc]
Seat 7: LeBaudetGris showed [Td 7s] and lost with One pair : Tens
Seat 9: Hutarine (small blind) showed [3c Qs] and won 140 with One pair : Queens


Winamax Poker - Tournament "Double or Nothing" buyIn: 0,46€ + 0,04€ level: 1 - HandId: #479101578939203585-5-1425245681 - Holdem no limit (15/30) - 2015/03/01 21:34:41 UTC
Table: 'Double or Nothing(111549529)#0' 10-max (real money) Seat #9 is the button
Seat 1: Susanowo06 (1500)
Seat 2: ZefJok (1540)
Seat 3: Floo60 (1500)
Seat 4: pasbien12 (1500)
Seat 5: Dreamer02 (1430)
Seat 6: FERRARI 07 (1490)
Seat 7: LeBaudetGris (1480)
Seat 8: Niels Bohr (1520)
Seat 9: Hutarine (1560)
Seat 10: sabre_laser (1480)
*** ANTE/BLINDS ***
sabre_laser posts small blind 15
Susanowo06 posts big blind 30
Dealt to sabre_laser [Ad 4d]
*** PRE-FLOP *** 
ZefJok folds
Floo60 folds
pasbien12 folds
Dreamer02 calls 30
FERRARI 07 folds
LeBaudetGris calls 30
Niels Bohr folds
Hutarine folds
sabre_laser calls 15
Susanowo06 checks
*** FLOP *** [6s Qd Qh]
sabre_laser bets 45
Susanowo06 folds
Dreamer02 folds
LeBaudetGris raises 45 to 90
sabre_laser calls 45
*** TURN *** [6s Qd Qh][Kd]
sabre_laser bets 225
LeBaudetGris calls 225
*** RIVER *** [6s Qd Qh Kd][Jh]
sabre_laser checks
LeBaudetGris bets 500
sabre_laser folds
LeBaudetGris collected 1250 from pot
*** SUMMARY ***
Total pot 1250 | No rake
Board: [6s Qd Qh Kd Jh]
Seat 7: LeBaudetGris won 1250


Winamax Poker - Tournament "Double or Nothing" buyIn: 0,46€ + 0,04€ level: 1 - HandId: #479101578939203585-6-1425245868 - Holdem no limit (15/30) - 2015/03/01 21:37:48 UTC
Table: 'Double or Nothing(111549529)#0' 10-max (real money) Seat #10 is the button
Seat 1: Susanowo06 (1470)
Seat 2: ZefJok (1540)
Seat 3: Floo60 (1500)
Seat 4: pasbien12 (1500)
Seat 5: Dreamer02 (1400)
Seat 6: FERRARI 07 (1490)
Seat 7: LeBaudetGris (1885)
Seat 8: Niels Bohr (1520)
Seat 9: Hutarine (1560)
Seat 10: sabre_laser (1135)
*** ANTE/BLINDS ***
Susanowo06 posts small blind 15
ZefJok posts big blind 30
Dealt to sabre_laser [8d 3d]
*** PRE-FLOP *** 
Floo60 folds
pasbien12 folds
Dreamer02 folds
FERRARI 07 calls 30
LeBaudetGris calls 30
Niels Bohr folds
Hutarine calls 30
sabre_laser folds
Susanowo06 folds
ZefJok checks
*** FLOP *** [Th Qs Kh]
ZefJok bets 60
FERRARI 07 calls 60
LeBaudetGris raises 60 to 120
Hutarine folds
ZefJok calls 60
FERRARI 07 folds
*** TURN *** [Th Qs Kh][Jh]
ZefJok checks
LeBaudetGris bets 150
ZefJok folds
LeBaudetGris collected 585 from pot
*** SUMMARY ***
Total pot 585 | No rake
Board: [Th Qs Kh Jh]
Seat 7: LeBaudetGris won 585


Winamax Poker - Tournament "Double or Nothing" buyIn: 0,46€ + 0,04€ level: 2 - HandId: #479101578939203585-7-1425245999 - Holdem no limit (20/40) - 2015/03/01 21:39:59 UTC
Table: 'Double or Nothing(111549529)#0' 10-max (real money) Seat #1 is the button
Seat 1: Susanowo06 (1455)
Seat 2: ZefJok (1390)
Seat 3: Floo60 (1500)
Seat 4: pasbien12 (1500)
Seat 5: Dreamer02 (1400)
Seat 6: FERRARI 07 (1400)
Seat 7: LeBaudetGris (2170)
Seat 8: Niels Bohr (1520)
Seat 9: Hutarine (1530)
Seat 10: sabre_laser (1135)
*** ANTE/BLINDS ***
ZefJok posts small blind 20
Floo60 posts big blind 40
Dealt to sabre_laser [5c 7s]
*** PRE-FLOP *** 
pasbien12 folds
Dreamer02 folds
FERRARI 07 folds
LeBaudetGris calls 40
Niels Bohr folds
Hutarine calls 40
sabre_laser folds
Susanowo06 folds
ZefJok folds
Floo60 checks
*** FLOP *** [7d 5h Td]
Floo60 bets 100
LeBaudetGris folds
Hutarine folds
Floo60 collected 240 from pot
*** SUMMARY ***
Total pot 240 | No rake
Board: [7d 5h Td]
Seat 3: Floo60 (big blind) won 240


Winamax Poker - Tournament "Double or Nothing" buyIn: 0,46€ + 0,04€ level: 2 - HandId: #479101578939203585-8-1425246062 - Holdem no limit (20/40) - 2015/03/01 21:41:02 UTC
Table: 'Double or Nothing(111549529)#0' 10-max (real money) Seat #2 is the button
Seat 1: Susanowo06 (1455)
Seat 2: ZefJok (1370)
Seat 3: Floo60 (1600)
Seat 4: pasbien12 (1500)
Seat 5: Dreamer02 (1400)
Seat 6: FERRARI 07 (1400)
Seat 7: LeBaudetGris (2130)
Seat 8: Niels Bohr (1520)
Seat 9: Hutarine (1490)
Seat 10: sabre_laser (1135)
*** ANTE/BLINDS ***
Floo60 posts small blind 20
pasbien12 posts big blind 40
Dealt to sabre_laser [4c 3c]
*** PRE-FLOP *** 
Dreamer02 raises 40 to 80
FERRARI 07 folds
LeBaudetGris folds
Niels Bohr folds
Hutarine folds
sabre_laser folds
Susanowo06 folds
ZefJok folds
Floo60 folds
pasbien12 folds
Dreamer02 collected 140 from pot
*** SUMMARY ***
Total pot 140 | No rake
Seat 5: Dreamer02 won 140


Winamax Poker - Tournament "Double or Nothing" buyIn: 0,46€ + 0,04€ level: 2 - HandId: #479101578939203585-9-1425246109 - Holdem no limit (20/40) - 2015/03/01 21:41:49 UTC
Table: 'Double or Nothing(111549529)#0' 10-max (real money) Seat #3 is the button
Seat 1: Susanowo06 (1455)
Seat 2: ZefJok (1370)
Seat 3: Floo60 (1580)
Seat 4: pasbien12 (1460)
Seat 5: Dreamer02 (1460)
Seat 6: FERRARI 07 (1400)
Seat 7: LeBaudetGris (2130)
Seat 8: Niels Bohr (1520)
Seat 9: Hutarine (1490)
Seat 10: sabre_laser (1135)
*** ANTE/BLINDS ***
pasbien12 posts small blind 20
Dreamer02 posts big blind 40
Dealt to sabre_laser [8h Qc]
*** PRE-FLOP *** 
FERRARI 07 raises 40 to 80
LeBaudetGris folds
Niels Bohr folds
Hutarine folds
sabre_laser folds
Susanowo06 folds
ZefJok folds
Floo60 folds
pasbien12 folds
Dreamer02 folds
FERRARI 07 collected 140 from pot
*** SUMMARY ***
Total pot 140 | No rake
Seat 6: FERRARI 07 won 140


Winamax Poker - Tournament "Double or Nothing" buyIn: 0,46€ + 0,04€ level: 2 - HandId: #479101578939203585-10-1425246141 - Holdem no limit (20/40) - 2015/03/01 21:42:21 UTC
Table: 'Double or Nothing(111549529)#0' 10-max (real money) Seat #4 is the button
Seat 1: Susanowo06 (1455)
Seat 2: ZefJok (1370)
Seat 3: Floo60 (1580)
Seat 4: pasbien12 (1440)
Seat 5: Dreamer02 (1420)
Seat 6: FERRARI 07 (1460)
Seat 7: LeBaudetGris (2130)
Seat 8: Niels Bohr (1520)
Seat 9: Hutarine (1490)
Seat 10: sabre_laser (1135)
*** ANTE/BLINDS ***
Dreamer02 posts small blind 20
FERRARI 07 posts big blind 40
Dealt to sabre_laser [6h 7s]
*** PRE-FLOP *** 
LeBaudetGris calls 40
Niels Bohr folds
Hutarine folds
sabre_laser folds
Susanowo06 folds
ZefJok folds
Floo60 folds
pasbien12 folds
Dreamer02 folds
FERRARI 07 raises 40 to 80
LeBaudetGris calls 40
*** FLOP *** [Ah Jc Kc]
FERRARI 07 checks
LeBaudetGris bets 40
FERRARI 07 calls 40
*** TURN *** [Ah Jc Kc][5c]
FERRARI 07 checks
LeBaudetGris bets 40
FERRARI 07 calls 40
*** RIVER *** [Ah Jc Kc 5c][2c]
FERRARI 07 checks
LeBaudetGris bets 40
FERRARI 07 raises 420 to 460
LeBaudetGris calls 420
*** SHOW DOWN ***
LeBaudetGris shows [Ad Qh] (One pair : Aces)
FERRARI 07 shows [7c Ac] (Flush Ace high)
FERRARI 07 collected 1260 from pot
*** SUMMARY ***
Total pot 1260 | No rake
Board: [Ah Jc Kc 5c 2c]
Seat 6: FERRARI 07 (big blind) showed [7c Ac] and won 1260 with Flush Ace high
Seat 7: LeBaudetGris showed [Ad Qh] and lost with One pair : Aces


Winamax Poker - Tournament "Double or Nothing" buyIn: 0,46€ + 0,04€ level: 2 - HandId: #479101578939203585-11-1425246224 - Holdem no limit (20/40) - 2015/03/01 21:43:44 UTC
Table: 'Double or Nothing(111549529)#0' 10-max (real money) Seat #5 is the button
Seat 1: Susanowo06 (1455)
Seat 2: ZefJok (1370)
Seat 3: Floo60 (1580)
Seat 4: pasbien12 (1440)
Seat 5: Dreamer02 (1400)
Seat 6: FERRARI 07 (2100)
Seat 7: LeBaudetGris (1510)
Seat 8: Niels Bohr (1520)
Seat 9: Hutarine (1490)
Seat 10: sabre_laser (1135)
*** ANTE/BLINDS ***
FERRARI 07 posts small blind 20
LeBaudetGris posts big blind 40
Dealt to sabre_laser [3s Tc]
*** PRE-FLOP *** 
Niels Bohr folds
Hutarine calls 40
sabre_laser folds
Susanowo06 folds
ZefJok raises 1330 to 1370 and is all-in
Floo60 folds
pasbien12 folds
Dreamer02 folds
FERRARI 07 folds
LeBaudetGris folds
Hutarine folds
ZefJok collected 1470 from pot
*** SUMMARY ***
Total pot 1470 | No rake
Seat 2: ZefJok won 1470


Winamax Poker - Tournament "Double or Nothing" buyIn: 0,46€ + 0,04€ level: 2 - HandId: #479101578939203585-12-1425246254 - Holdem no limit (20/40) - 2015/03/01 21:44:14 UTC
Table: 'Double or Nothing(111549529)#0' 10-max (real money) Seat #6 is the button
Seat 1: Susanowo06 (1455)
Seat 2: ZefJok (1470)
Seat 3: Floo60 (1580)
Seat 4: pasbien12 (1440)
Seat 5: Dreamer02 (1400)
Seat 6: FERRARI 07 (2080)
Seat 7: LeBaudetGris (1470)
Seat 8: Niels Bohr (1520)
Seat 9: Hutarine (1450)
Seat 10: sabre_laser (1135)
*** ANTE/BLINDS ***
LeBaudetGris posts small blind 20
Niels Bohr posts big blind 40
Dealt to sabre_laser [Jc 8c]
*** PRE-FLOP *** 
Hutarine folds
sabre_laser folds
Susanowo06 folds
ZefJok folds
Floo60 folds
pasbien12 folds
Dreamer02 folds
FERRARI 07 folds
LeBaudetGris folds
Niels Bohr collected 60 from pot
*** SUMMARY ***
Total pot 60 | No rake
Seat 8: Niels Bohr (big blind) won 60


Winamax Poker - Tournament "Double or Nothing" buyIn: 0,46€ + 0,04€ level: 2 - HandId: #479101578939203585-13-1425246289 - Holdem no limit (20/40) - 2015/03/01 21:44:49 UTC
Table: 'Double or Nothing(111549529)#0' 10-max (real money) Seat #7 is the button
Seat 1: Susanowo06 (1455)
Seat 2: ZefJok (1470)
Seat 3: Floo60 (1580)
Seat 4: pasbien12 (1440)
Seat 5: Dreamer02 (1400)
Seat 6: FERRARI 07 (2080)
Seat 7: LeBaudetGris (1450)
Seat 8: Niels Bohr (1540)
Seat 9: Hutarine (1450)
Seat 10: sabre_laser (1135)
*** ANTE/BLINDS ***
Niels Bohr posts small blind 20
Hutarine posts big blind 40
Dealt to sabre_laser [Js 5d]
*** PRE-FLOP *** 
sabre_laser folds
Susanowo06 raises 100 to 140
ZefJok folds
Floo60 folds
pasbien12 folds
Dreamer02 folds
FERRARI 07 folds
LeBaudetGris folds
Niels Bohr folds
Hutarine folds
Susanowo06 collected 200 from pot
*** SUMMARY ***
Total pot 200 | No rake
Seat 1: Susanowo06 won 200


Winamax Poker - Tournament "Double or Nothing" buyIn: 0,46€ + 0,04€ level: 2 - HandId: #479101578939203585-14-1425246332 - Holdem no limit (20/40) - 2015/03/01 21:45:32 UTC
Table: 'Double or Nothing(111549529)#0' 10-max (real money) Seat #8 is the button
Seat 1: Susanowo06 (1515)
Seat 2: ZefJok (1470)
Seat 3: Floo60 (1580)
Seat 4: pasbien12 (1440)
Seat 5: Dreamer02 (1400)
Seat 6: FERRARI 07 (2080)
Seat 7: LeBaudetGris (1450)
Seat 8: Niels Bohr (1520)
Seat 9: Hutarine (1410)
Seat 10: sabre_laser (1135)
*** ANTE/BLINDS ***
Hutarine posts small blind 20
sabre_laser posts big blind 40
Dealt to sabre_laser [6s Qh]
*** PRE-FLOP *** 
Susanowo06 folds
ZefJok folds
Floo60 folds
pasbien12 folds
Dreamer02 folds
FERRARI 07 calls 40
LeBaudetGris calls 40
Niels Bohr raises 1480 to 1520 and is all-in
Hutarine folds
sabre_laser folds
FERRARI 07 folds
LeBaudetGris folds
Niels Bohr collected 1660 from pot
*** SUMMARY ***
Total pot 1660 | No rake
Seat 8: Niels Bohr (button) won 1660


Winamax Poker - Tournament "Double or Nothing" buyIn: 0,46€ + 0,04€ level: 3 - HandId: #479101578939203585-15-1425246403 - Holdem no limit (30/60) - 2015/03/01 21:46:43 UTC
Table: 'Double or Nothing(111549529)#0' 10-max (real money) Seat #9 is the button
Seat 1: Susanowo06 (1515)
Seat 2: ZefJok (1470)
Seat 3: Floo60 (1580)
Seat 4: pasbien12 (1440)
Seat 5: Dreamer02 (1400)
Seat 6: FERRARI 07 (2040)
Seat 7: LeBaudetGris (1410)
Seat 8: Niels Bohr (1660)
Seat 9: Hutarine (1390)
Seat 10: sabre_laser (1095)
*** ANTE/BLINDS ***
sabre_laser posts small blind 30
Susanowo06 posts big blind 60
Dealt to sabre_laser [5h 7s]
*** PRE-FLOP *** 
ZefJok folds
Floo60 folds
pasbien12 folds
Dreamer02 folds
FERRARI 07 folds
LeBaudetGris calls 60
Niels Bohr folds
Hutarine calls 60
sabre_laser calls 30
Susanowo06 checks
*** FLOP *** [4s Ks 8c]
sabre_laser checks
Susanowo06 checks
LeBaudetGris bets 60
Hutarine folds
sabre_laser folds
Susanowo06 folds
LeBaudetGris collected 300 from pot
*** SUMMARY ***
Total pot 300 | No rake
Board: [4s Ks 8c]
Seat 7: LeBaudetGris won 300


Winamax Poker - Tournament "Double or Nothing" buyIn: 0,46€ + 0,04€ level: 3 - HandId: #479101578939203585-16-1425246489 - Holdem no limit (30/60) - 2015/03/01 21:48:09 UTC
Table: 'Double or Nothing(111549529)#0' 10-max (real money) Seat #10 is the button
Seat 1: Susanowo06 (1455)
Seat 2: ZefJok (1470)
Seat 3: Floo60 (1580)
Seat 4: pasbien12 (1440)
Seat 5: Dreamer02 (1400)
Seat 6: FERRARI 07 (2040)
Seat 7: LeBaudetGris (1590)
Seat 8: Niels Bohr (1660)
Seat 9: Hutarine (1330)
Seat 10: sabre_laser (1035)
*** ANTE/BLINDS ***
Susanowo06 posts small blind 30
ZefJok posts big blind 60
Dealt to sabre_laser [Ah Qh]
*** PRE-FLOP *** 
Floo60 folds
pasbien12 folds
Dreamer02 folds
FERRARI 07 folds
LeBaudetGris folds
Niels Bohr calls 60
Hutarine calls 60
sabre_laser raises 240 to 300
Susanowo06 folds
ZefJok folds
Niels Bohr calls 240
Hutarine raises 1030 to 1330 and is all-in
sabre_laser calls 735 and is all-in
Niels Bohr folds
*** FLOP *** [7s 7c Qs]
*** TURN *** [7s 7c Qs][4h]
*** RIVER *** [7s 7c Qs 4h][6s]
*** SHOW DOWN ***
sabre_laser shows [Ah Qh] (Two pairs : Queens and 7)
Hutarine shows [Kd Kc] (Two pairs : Kings and 7)
Hutarine collected 2755 from pot
*** SUMMARY ***
Total pot 2755 | No rake
Board: [7s 7c Qs 4h 6s]
Seat 9: Hutarine showed [Kd Kc] and won 2755 with Two pairs : Kings and 7
Seat 10: sabre_laser (button) showed [Ah Qh] and lost with Two pairs : Queens and 7


