Winamax Poker - Tournament "No Limit Hold'em" buyIn: 0,45€ + 0,05€ level: 0 - HandId: #558758885679169537-1-1441746446 - Holdem no limit (10/20) - 2015/09/08 21:07:26 UTC
Table: 'No Limit Hold'em(130096191)#0' 10-max (real money) Seat #8 is the button
Seat 1: Mankino (1500)
Seat 2: chris029 (1500)
Seat 3: Spyrale7 (1500)
Seat 4: -WILSON- (1500)
Seat 5: fatmacka (1500)
Seat 6: ninjyou (1500)
Seat 7: Absinthe52 (1500)
Seat 8: zitoune215 (1500)
Seat 9: calamityluck (1500)
Seat 10: sabre_laser (1500)
*** ANTE/BLINDS ***
calamityluck posts small blind 10
sabre_laser posts big blind 20
Dealt to sabre_laser [5s Td]
*** PRE-FLOP *** 
Mankino calls 20
chris029 calls 20
Spyrale7 folds
-WILSON- folds
fatmacka folds
ninjyou calls 20
Absinthe52 calls 20
zitoune215 calls 20
calamityluck folds
sabre_laser checks
*** FLOP *** [4s Jd Ad]
sabre_laser checks
Mankino checks
chris029 bets 20
ninjyou folds
Absinthe52 folds
zitoune215 folds
sabre_laser folds
Mankino folds
chris029 collected 150 from pot
*** SUMMARY ***
Total pot 150 | No rake
Board: [4s Jd Ad]
Seat 2: chris029 won 150


Winamax Poker - Tournament "No Limit Hold'em" buyIn: 0,45€ + 0,05€ level: 0 - HandId: #558758885679169537-2-1441746527 - Holdem no limit (10/20) - 2015/09/08 21:08:47 UTC
Table: 'No Limit Hold'em(130096191)#0' 10-max (real money) Seat #9 is the button
Seat 1: Mankino (1480)
Seat 2: chris029 (1610)
Seat 3: Spyrale7 (1500)
Seat 4: -WILSON- (1500)
Seat 5: fatmacka (1500)
Seat 6: ninjyou (1480)
Seat 7: Absinthe52 (1480)
Seat 8: zitoune215 (1480)
Seat 9: calamityluck (1490)
Seat 10: sabre_laser (1480)
*** ANTE/BLINDS ***
sabre_laser posts small blind 10
Mankino posts big blind 20
Dealt to sabre_laser [5h 2s]
*** PRE-FLOP *** 
chris029 calls 20
Spyrale7 calls 20
-WILSON- folds
fatmacka folds
ninjyou calls 20
Absinthe52 folds
zitoune215 raises 1460 to 1480 and is all-in
calamityluck folds
sabre_laser folds
Mankino folds
chris029 folds
Spyrale7 folds
ninjyou folds
zitoune215 collected 1570 from pot
*** SUMMARY ***
Total pot 1570 | No rake
Seat 8: zitoune215 won 1570


Winamax Poker - Tournament "No Limit Hold'em" buyIn: 0,45€ + 0,05€ level: 0 - HandId: #558758885679169537-3-1441746575 - Holdem no limit (10/20) - 2015/09/08 21:09:35 UTC
Table: 'No Limit Hold'em(130096191)#0' 10-max (real money) Seat #10 is the button
Seat 1: Mankino (1460)
Seat 2: chris029 (1590)
Seat 3: Spyrale7 (1480)
Seat 4: -WILSON- (1500)
Seat 5: fatmacka (1500)
Seat 6: ninjyou (1460)
Seat 7: Absinthe52 (1480)
Seat 8: zitoune215 (1570)
Seat 9: calamityluck (1490)
Seat 10: sabre_laser (1470)
*** ANTE/BLINDS ***
Mankino posts small blind 10
chris029 posts big blind 20
Dealt to sabre_laser [3d 6h]
*** PRE-FLOP *** 
Spyrale7 folds
-WILSON- calls 20
fatmacka folds
ninjyou calls 20
Absinthe52 folds
zitoune215 folds
calamityluck raises 30 to 50
sabre_laser folds
Mankino calls 40
chris029 folds
-WILSON- calls 30
ninjyou calls 30
*** FLOP *** [Qs Ts Qc]
Mankino checks
-WILSON- checks
ninjyou checks
calamityluck checks
*** TURN *** [Qs Ts Qc][9d]
Mankino checks
-WILSON- checks
ninjyou checks
calamityluck checks
*** RIVER *** [Qs Ts Qc 9d][6d]
Mankino checks
-WILSON- checks
ninjyou checks
calamityluck bets 110
Mankino raises 110 to 220
-WILSON- folds
ninjyou folds
calamityluck calls 110
*** SHOW DOWN ***
calamityluck shows [6s Ah] (Two pairs : Queens and 6)
Mankino shows [Qh 8d] (Trips of Queens)
Mankino collected 660 from pot
*** SUMMARY ***
Total pot 660 | No rake
Board: [Qs Ts Qc 9d 6d]
Seat 1: Mankino (small blind) showed [Qh 8d] and won 660 with Trips of Queens
Seat 9: calamityluck showed [6s Ah] and lost with Two pairs : Queens and 6


Winamax Poker - Tournament "No Limit Hold'em" buyIn: 0,45€ + 0,05€ level: 1 - HandId: #558758885679169537-4-1441746733 - Holdem no limit (15/30) - 2015/09/08 21:12:13 UTC
Table: 'No Limit Hold'em(130096191)#0' 10-max (real money) Seat #1 is the button
Seat 1: Mankino (1850)
Seat 2: chris029 (1570)
Seat 3: Spyrale7 (1480)
Seat 4: -WILSON- (1450)
Seat 5: fatmacka (1500)
Seat 6: ninjyou (1410)
Seat 7: Absinthe52 (1480)
Seat 8: zitoune215 (1570)
Seat 9: calamityluck (1220)
Seat 10: sabre_laser (1470)
*** ANTE/BLINDS ***
chris029 posts small blind 15
Spyrale7 posts big blind 30
Dealt to sabre_laser [8c 7d]
*** PRE-FLOP *** 
-WILSON- folds
fatmacka folds
ninjyou raises 1380 to 1410 and is all-in
Absinthe52 folds
zitoune215 folds
calamityluck folds
sabre_laser folds
Mankino folds
chris029 folds
Spyrale7 folds
ninjyou collected 1455 from pot
*** SUMMARY ***
Total pot 1455 | No rake
Seat 6: ninjyou won 1455


Winamax Poker - Tournament "No Limit Hold'em" buyIn: 0,45€ + 0,05€ level: 1 - HandId: #558758885679169537-5-1441746782 - Holdem no limit (15/30) - 2015/09/08 21:13:02 UTC
Table: 'No Limit Hold'em(130096191)#0' 10-max (real money) Seat #2 is the button
Seat 1: Mankino (1850)
Seat 2: chris029 (1555)
Seat 3: Spyrale7 (1450)
Seat 4: -WILSON- (1450)
Seat 5: fatmacka (1500)
Seat 6: ninjyou (1455)
Seat 7: Absinthe52 (1480)
Seat 8: zitoune215 (1570)
Seat 9: calamityluck (1220)
Seat 10: sabre_laser (1470)
*** ANTE/BLINDS ***
Spyrale7 posts small blind 15
-WILSON- posts big blind 30
Dealt to sabre_laser [4d 6h]
*** PRE-FLOP *** 
fatmacka folds
ninjyou folds
Absinthe52 calls 30
zitoune215 calls 30
calamityluck raises 45 to 75
sabre_laser folds
Mankino calls 75
chris029 folds
Spyrale7 folds
-WILSON- calls 45
Absinthe52 calls 45
zitoune215 calls 45
*** FLOP *** [3c Qh 3s]
-WILSON- checks
Absinthe52 bets 30
zitoune215 calls 30
calamityluck raises 225 to 255
Mankino folds
-WILSON- calls 255
Absinthe52 calls 225
zitoune215 folds
*** TURN *** [3c Qh 3s][9d]
-WILSON- checks
Absinthe52 bets 30
calamityluck raises 30 to 60
-WILSON- calls 60
Absinthe52 calls 30
*** RIVER *** [3c Qh 3s 9d][6s]
-WILSON- checks
Absinthe52 bets 30
calamityluck raises 30 to 60
-WILSON- calls 60
Absinthe52 calls 30
*** SHOW DOWN ***
-WILSON- shows [Qc Jh] (Two pairs : Queens and 3)
calamityluck shows [Qs Ad] (Two pairs : Queens and 3)
Absinthe52 shows [Qd 9s] (Two pairs : Queens and 9)
Absinthe52 collected 1545 from pot
*** SUMMARY ***
Total pot 1545 | No rake
Board: [3c Qh 3s 9d 6s]
Seat 4: -WILSON- (big blind) showed [Qc Jh] and lost with Two pairs : Queens and 3
Seat 7: Absinthe52 showed [Qd 9s] and won 1545 with Two pairs : Queens and 9
Seat 9: calamityluck showed [Qs Ad] and lost with Two pairs : Queens and 3


Winamax Poker - Tournament "No Limit Hold'em" buyIn: 0,45€ + 0,05€ level: 2 - HandId: #558758885679169537-6-1441746888 - Holdem no limit (20/40) - 2015/09/08 21:14:48 UTC
Table: 'No Limit Hold'em(130096191)#0' 10-max (real money) Seat #3 is the button
Seat 1: Mankino (1775)
Seat 2: chris029 (1555)
Seat 3: Spyrale7 (1435)
Seat 4: -WILSON- (1000)
Seat 5: fatmacka (1500)
Seat 6: ninjyou (1455)
Seat 7: Absinthe52 (2575)
Seat 8: zitoune215 (1465)
Seat 9: calamityluck (770)
Seat 10: sabre_laser (1470)
*** ANTE/BLINDS ***
-WILSON- posts small blind 20
fatmacka posts big blind 40
Dealt to sabre_laser [Qs Kc]
*** PRE-FLOP *** 
ninjyou calls 40
Absinthe52 calls 40
zitoune215 raises 1425 to 1465 and is all-in
calamityluck folds
sabre_laser folds
Mankino folds
chris029 folds
Spyrale7 folds
-WILSON- folds
fatmacka folds
ninjyou folds
Absinthe52 folds
zitoune215 collected 1605 from pot
*** SUMMARY ***
Total pot 1605 | No rake
Seat 8: zitoune215 won 1605


Winamax Poker - Tournament "No Limit Hold'em" buyIn: 0,45€ + 0,05€ level: 2 - HandId: #558758885679169537-7-1441746930 - Holdem no limit (20/40) - 2015/09/08 21:15:30 UTC
Table: 'No Limit Hold'em(130096191)#0' 10-max (real money) Seat #4 is the button
Seat 1: Mankino (1775)
Seat 2: chris029 (1555)
Seat 3: Spyrale7 (1435)
Seat 4: -WILSON- (980)
Seat 5: fatmacka (1460)
Seat 6: ninjyou (1415)
Seat 7: Absinthe52 (2535)
Seat 8: zitoune215 (1605)
Seat 9: calamityluck (770)
Seat 10: sabre_laser (1470)
*** ANTE/BLINDS ***
fatmacka posts small blind 20
ninjyou posts big blind 40
Dealt to sabre_laser [6d 4s]
*** PRE-FLOP *** 
Absinthe52 folds
zitoune215 calls 40
calamityluck folds
sabre_laser folds
Mankino folds
chris029 calls 40
Spyrale7 calls 40
-WILSON- folds
fatmacka folds
ninjyou checks
*** FLOP *** [7c 3c 8h]
ninjyou checks
zitoune215 bets 120
chris029 folds
Spyrale7 calls 120
ninjyou folds
*** TURN *** [7c 3c 8h][Js]
zitoune215 bets 315
Spyrale7 calls 315
*** RIVER *** [7c 3c 8h Js][As]
zitoune215 bets 1130 and is all-in
Spyrale7 calls 960 and is all-in
*** SHOW DOWN ***
Spyrale7 shows [9s Ts] (Straight Jack high)
zitoune215 shows [9h Qh] (High card : Ace)
zitoune215 collected 170 from side pot 1
Spyrale7 collected 2970 from main pot
*** SUMMARY ***
Total pot 3140 | No rake
Board: [7c 3c 8h Js As]
Seat 3: Spyrale7 showed [9s Ts] and won 2970 with Straight Jack high
Seat 8: zitoune215 showed [9h Qh] and won 170 with High card : Ace


Winamax Poker - Tournament "No Limit Hold'em" buyIn: 0,45€ + 0,05€ level: 3 - HandId: #558758885679169537-8-1441747046 - Holdem no limit (30/60) - 2015/09/08 21:17:26 UTC
Table: 'No Limit Hold'em(130096191)#0' 10-max (real money) Seat #5 is the button
Seat 1: Mankino (1775)
Seat 2: chris029 (1515)
Seat 3: Spyrale7 (2970)
Seat 4: -WILSON- (980)
Seat 5: fatmacka (1440)
Seat 6: ninjyou (1375)
Seat 7: Absinthe52 (2535)
Seat 8: zitoune215 (170)
Seat 9: calamityluck (770)
Seat 10: sabre_laser (1470)
*** ANTE/BLINDS ***
ninjyou posts small blind 30
Absinthe52 posts big blind 60
Dealt to sabre_laser [5s 6s]
*** PRE-FLOP *** 
zitoune215 raises 110 to 170 and is all-in
calamityluck folds
sabre_laser folds
Mankino folds
chris029 calls 170
Spyrale7 folds
-WILSON- folds
fatmacka folds
ninjyou calls 140
Absinthe52 folds
*** FLOP *** [Tc Ks Ac]
ninjyou checks
chris029 bets 570
ninjyou folds
*** TURN *** [Tc Ks Ac][2d]
*** RIVER *** [Tc Ks Ac 2d][8s]
*** SHOW DOWN ***
zitoune215 shows [Jd 2h] (One pair : 2)
chris029 shows [As 8h] (Two pairs : Aces and 8)
chris029 collected 1140 from pot
*** SUMMARY ***
Total pot 1140 | No rake
Board: [Tc Ks Ac 2d 8s]
Seat 2: chris029 showed [As 8h] and won 1140 with Two pairs : Aces and 8
Seat 8: zitoune215 showed [Jd 2h] and lost with One pair : 2


Winamax Poker - Tournament "No Limit Hold'em" buyIn: 0,45€ + 0,05€ level: 3 - HandId: #558758885679169537-9-1441747097 - Holdem no limit (30/60) - 2015/09/08 21:18:17 UTC
Table: 'No Limit Hold'em(130096191)#0' 10-max (real money) Seat #6 is the button
Seat 1: Mankino (1775)
Seat 2: chris029 (1915)
Seat 3: Spyrale7 (2970)
Seat 4: -WILSON- (980)
Seat 5: fatmacka (1440)
Seat 6: ninjyou (1205)
Seat 7: Absinthe52 (2475)
Seat 9: calamityluck (770)
Seat 10: sabre_laser (1470)
*** ANTE/BLINDS ***
Absinthe52 posts small blind 30
calamityluck posts big blind 60
Dealt to sabre_laser [Tc 6s]
*** PRE-FLOP *** 
sabre_laser folds
Mankino raises 60 to 120
chris029 folds
Spyrale7 folds
-WILSON- folds
fatmacka folds
ninjyou calls 120
Absinthe52 folds
calamityluck calls 60
*** FLOP *** [Qd 3s 7d]
calamityluck checks
Mankino bets 183
ninjyou raises 902 to 1085 and is all-in
calamityluck folds
Mankino folds
ninjyou collected 1658 from pot
*** SUMMARY ***
Total pot 1658 | No rake
Board: [Qd 3s 7d]
Seat 6: ninjyou (button) won 1658


Winamax Poker - Tournament "No Limit Hold'em" buyIn: 0,45€ + 0,05€ level: 4 - HandId: #558758885679169537-10-1441747199 - Holdem no limit (40/80) - 2015/09/08 21:19:59 UTC
Table: 'No Limit Hold'em(130096191)#0' 10-max (real money) Seat #7 is the button
Seat 1: Mankino (1472)
Seat 2: chris029 (1915)
Seat 3: Spyrale7 (2970)
Seat 4: -WILSON- (980)
Seat 5: fatmacka (1440)
Seat 6: ninjyou (1658)
Seat 7: Absinthe52 (2445)
Seat 9: calamityluck (650)
Seat 10: sabre_laser (1470)
*** ANTE/BLINDS ***
calamityluck posts small blind 40
sabre_laser posts big blind 80
Dealt to sabre_laser [4c 6d]
*** PRE-FLOP *** 
Mankino calls 80
chris029 calls 80
Spyrale7 folds
-WILSON- folds
fatmacka raises 240 to 320
ninjyou folds
Absinthe52 folds
calamityluck folds
sabre_laser folds
Mankino calls 240
chris029 calls 240
*** FLOP *** [9s 2c 3d]
Mankino bets 1152 and is all-in
chris029 folds
fatmacka calls 1120 and is all-in
*** TURN *** [9s 2c 3d][4d]
*** RIVER *** [9s 2c 3d 4d][8h]
*** SHOW DOWN ***
fatmacka shows [Jd Jh] (One pair : Jacks)
Mankino shows [Ad Qd] (High card : Ace)
Mankino collected 32 from side pot 1
fatmacka collected 3320 from main pot
*** SUMMARY ***
Total pot 3352 | No rake
Board: [9s 2c 3d 4d 8h]
Seat 1: Mankino showed [Ad Qd] and won 32 with High card : Ace
Seat 5: fatmacka showed [Jd Jh] and won 3320 with One pair : Jacks


Winamax Poker - Tournament "No Limit Hold'em" buyIn: 0,45€ + 0,05€ level: 4 - HandId: #558758885679169537-11-1441747284 - Holdem no limit (40/80) - 2015/09/08 21:21:24 UTC
Table: 'No Limit Hold'em(130096191)#0' 10-max (real money) Seat #9 is the button
Seat 1: Mankino (32)
Seat 2: chris029 (1595)
Seat 3: Spyrale7 (2970)
Seat 4: -WILSON- (980)
Seat 5: fatmacka (3320)
Seat 6: ninjyou (1658)
Seat 7: Absinthe52 (2445)
Seat 9: calamityluck (610)
Seat 10: sabre_laser (1390)
*** ANTE/BLINDS ***
sabre_laser posts small blind 40
Mankino posts big blind 32 and is all-in
Dealt to sabre_laser [Kh Kc]
*** PRE-FLOP *** 
chris029 folds
Spyrale7 folds
-WILSON- folds
fatmacka raises 128 to 160
ninjyou folds
Absinthe52 folds
calamityluck raises 450 to 610 and is all-in
sabre_laser raises 780 to 1390 and is all-in
fatmacka folds
*** FLOP *** [Ts 9d Td]
*** TURN *** [Ts 9d Td][5d]
*** RIVER *** [Ts 9d Td 5d][Th]
*** SHOW DOWN ***
Mankino shows [2c 6h] (Trips of Tens)
calamityluck shows [Qs Kd] (Trips of Tens)
sabre_laser shows [Kh Kc] (Full of Tens and Kings)
sabre_laser collected 2192 from pot
*** SUMMARY ***
Total pot 2192 | No rake
Board: [Ts 9d Td 5d Th]
Seat 1: Mankino (big blind) showed [2c 6h] and lost with Trips of Tens
Seat 9: calamityluck (button) showed [Qs Kd] and lost with Trips of Tens
Seat 10: sabre_laser (small blind) showed [Kh Kc] and won 2192 with Full of Tens and Kings


Winamax Poker - Tournament "No Limit Hold'em" buyIn: 0,45€ + 0,05€ level: 5 - HandId: #558758885679169537-12-1441747345 - Holdem no limit (60/120) - 2015/09/08 21:22:25 UTC
Table: 'No Limit Hold'em(130096191)#0' 10-max (real money) Seat #10 is the button
Seat 2: chris029 (1595)
Seat 3: Spyrale7 (2970)
Seat 4: -WILSON- (980)
Seat 5: fatmacka (3160)
Seat 6: ninjyou (1658)
Seat 7: Absinthe52 (2445)
Seat 10: sabre_laser (2192)
*** ANTE/BLINDS ***
chris029 posts big blind 120
Dealt to sabre_laser [7s 3s]
*** PRE-FLOP *** 
Spyrale7 folds
-WILSON- raises 860 to 980 and is all-in
fatmacka folds
ninjyou folds
Absinthe52 folds
sabre_laser folds
chris029 folds
-WILSON- collected 1100 from pot
*** SUMMARY ***
Total pot 1100 | No rake
Seat 4: -WILSON- won 1100


Winamax Poker - Tournament "No Limit Hold'em" buyIn: 0,45€ + 0,05€ level: 5 - HandId: #558758885679169537-13-1441747385 - Holdem no limit (60/120) - 2015/09/08 21:23:05 UTC
Table: 'No Limit Hold'em(130096191)#0' 10-max (real money) Seat #1 is the button
Seat 2: chris029 (1475)
Seat 3: Spyrale7 (2970)
Seat 4: -WILSON- (1100)
Seat 5: fatmacka (3160)
Seat 6: ninjyou (1658)
Seat 7: Absinthe52 (2445)
Seat 10: sabre_laser (2192)
*** ANTE/BLINDS ***
chris029 posts small blind 60
Spyrale7 posts big blind 120
Dealt to sabre_laser [7d 8c]
*** PRE-FLOP *** 
-WILSON- raises 980 to 1100 and is all-in
fatmacka folds
ninjyou folds
Absinthe52 folds
sabre_laser folds
chris029 folds
Spyrale7 folds
-WILSON- collected 1280 from pot
*** SUMMARY ***
Total pot 1280 | No rake
Seat 4: -WILSON- won 1280


Winamax Poker - Tournament "No Limit Hold'em" buyIn: 0,45€ + 0,05€ level: 5 - HandId: #558758885679169537-14-1441747416 - Holdem no limit (60/120) - 2015/09/08 21:23:36 UTC
Table: 'No Limit Hold'em(130096191)#0' 10-max (real money) Seat #2 is the button
Seat 2: chris029 (1415)
Seat 3: Spyrale7 (2850)
Seat 4: -WILSON- (1280)
Seat 5: fatmacka (3160)
Seat 6: ninjyou (1658)
Seat 7: Absinthe52 (2445)
Seat 10: sabre_laser (2192)
*** ANTE/BLINDS ***
Spyrale7 posts small blind 60
-WILSON- posts big blind 120
Dealt to sabre_laser [3s 9s]
*** PRE-FLOP *** 
fatmacka folds
ninjyou calls 120
Absinthe52 folds
sabre_laser folds
chris029 folds
Spyrale7 calls 60
-WILSON- checks
*** FLOP *** [Kh 6s As]
Spyrale7 bets 120
-WILSON- folds
ninjyou folds
Spyrale7 collected 480 from pot
*** SUMMARY ***
Total pot 480 | No rake
Board: [Kh 6s As]
Seat 3: Spyrale7 (small blind) won 480


Winamax Poker - Tournament "No Limit Hold'em" buyIn: 0,45€ + 0,05€ level: 5 - HandId: #558758885679169537-15-1441747484 - Holdem no limit (60/120) - 2015/09/08 21:24:44 UTC
Table: 'No Limit Hold'em(130096191)#0' 10-max (real money) Seat #3 is the button
Seat 2: chris029 (1415)
Seat 3: Spyrale7 (3090)
Seat 4: -WILSON- (1160)
Seat 5: fatmacka (3160)
Seat 6: ninjyou (1538)
Seat 7: Absinthe52 (2445)
Seat 10: sabre_laser (2192)
*** ANTE/BLINDS ***
-WILSON- posts small blind 60
fatmacka posts big blind 120
Dealt to sabre_laser [Qh 2h]
*** PRE-FLOP *** 
ninjyou raises 1418 to 1538 and is all-in
Absinthe52 folds
sabre_laser folds
chris029 folds
Spyrale7 folds
-WILSON- folds
fatmacka calls 1418
*** FLOP *** [3h 5c 8s]
*** TURN *** [3h 5c 8s][3c]
*** RIVER *** [3h 5c 8s 3c][Th]
*** SHOW DOWN ***
ninjyou shows [9c 9s] (Two pairs : 9 and 3)
fatmacka shows [Ac Tc] (Two pairs : Tens and 3)
fatmacka collected 3136 from pot
*** SUMMARY ***
Total pot 3136 | No rake
Board: [3h 5c 8s 3c Th]
Seat 5: fatmacka (big blind) showed [Ac Tc] and won 3136 with Two pairs : Tens and 3
Seat 6: ninjyou showed [9c 9s] and lost with Two pairs : 9 and 3


Winamax Poker - Tournament "No Limit Hold'em" buyIn: 0,45€ + 0,05€ level: 5 - HandId: #558758885679169537-16-1441747520 - Holdem no limit (60/120) - 2015/09/08 21:25:20 UTC
Table: 'No Limit Hold'em(130096191)#0' 10-max (real money) Seat #4 is the button
Seat 2: chris029 (1415)
Seat 3: Spyrale7 (3090)
Seat 4: -WILSON- (1100)
Seat 5: fatmacka (4758)
Seat 7: Absinthe52 (2445)
Seat 10: sabre_laser (2192)
*** ANTE/BLINDS ***
fatmacka posts small blind 60
Absinthe52 posts big blind 120
Dealt to sabre_laser [5h 9s]
*** PRE-FLOP *** 
sabre_laser folds
chris029 calls 120
Spyrale7 folds
-WILSON- folds
fatmacka folds
Absinthe52 checks
*** FLOP *** [Kc 9c Kh]
Absinthe52 checks
chris029 checks
*** TURN *** [Kc 9c Kh][8c]
Absinthe52 checks
chris029 bets 120
Absinthe52 folds
chris029 collected 420 from pot
*** SUMMARY ***
Total pot 420 | No rake
Board: [Kc 9c Kh 8c]
Seat 2: chris029 won 420


Winamax Poker - Tournament "No Limit Hold'em" buyIn: 0,45€ + 0,05€ level: 6 - HandId: #558758885679169537-17-1441747569 - Holdem no limit (80/160) - 2015/09/08 21:26:09 UTC
Table: 'No Limit Hold'em(130096191)#0' 10-max (real money) Seat #5 is the button
Seat 2: chris029 (1595)
Seat 3: Spyrale7 (3090)
Seat 4: -WILSON- (1100)
Seat 5: fatmacka (4698)
Seat 7: Absinthe52 (2325)
Seat 10: sabre_laser (2192)
*** ANTE/BLINDS ***
Absinthe52 posts small blind 80
sabre_laser posts big blind 160
Dealt to sabre_laser [Ad 4d]
*** PRE-FLOP *** 
chris029 folds
Spyrale7 folds
-WILSON- folds
fatmacka folds
Absinthe52 calls 80
sabre_laser checks
*** FLOP *** [8c 9s 6s]
Absinthe52 bets 160
sabre_laser folds
Absinthe52 collected 480 from pot
*** SUMMARY ***
Total pot 480 | No rake
Board: [8c 9s 6s]
Seat 7: Absinthe52 (small blind) won 480


Winamax Poker - Tournament "No Limit Hold'em" buyIn: 0,45€ + 0,05€ level: 6 - HandId: #558758885679169537-18-1441747599 - Holdem no limit (80/160) - 2015/09/08 21:26:39 UTC
Table: 'No Limit Hold'em(130096191)#0' 10-max (real money) Seat #7 is the button
Seat 2: chris029 (1595)
Seat 3: Spyrale7 (3090)
Seat 4: -WILSON- (1100)
Seat 5: fatmacka (4698)
Seat 7: Absinthe52 (2485)
Seat 10: sabre_laser (2032)
*** ANTE/BLINDS ***
sabre_laser posts small blind 80
chris029 posts big blind 160
Dealt to sabre_laser [7s 2s]
*** PRE-FLOP *** 
Spyrale7 folds
-WILSON- folds
fatmacka raises 160 to 320
Absinthe52 folds
sabre_laser folds
chris029 raises 1275 to 1595 and is all-in
fatmacka folds
chris029 collected 1995 from pot
*** SUMMARY ***
Total pot 1995 | No rake
Seat 2: chris029 (big blind) won 1995


Winamax Poker - Tournament "No Limit Hold'em" buyIn: 0,45€ + 0,05€ level: 6 - HandId: #558758885679169537-19-1441747634 - Holdem no limit (80/160) - 2015/09/08 21:27:14 UTC
Table: 'No Limit Hold'em(130096191)#0' 10-max (real money) Seat #10 is the button
Seat 2: chris029 (1995)
Seat 3: Spyrale7 (3090)
Seat 4: -WILSON- (1100)
Seat 5: fatmacka (4378)
Seat 7: Absinthe52 (2485)
Seat 10: sabre_laser (1952)
*** ANTE/BLINDS ***
chris029 posts small blind 80
Spyrale7 posts big blind 160
Dealt to sabre_laser [Jd 2c]
*** PRE-FLOP *** 
-WILSON- raises 940 to 1100 and is all-in
fatmacka folds
Absinthe52 calls 1100
sabre_laser folds
chris029 folds
Spyrale7 folds
*** FLOP *** [3c 8d Qc]
*** TURN *** [3c 8d Qc][9d]
*** RIVER *** [3c 8d Qc 9d][Js]
*** SHOW DOWN ***
Absinthe52 shows [4d 4c] (One pair : 4)
-WILSON- shows [Jh Qd] (Two pairs : Queens and Jacks)
-WILSON- collected 2440 from pot
*** SUMMARY ***
Total pot 2440 | No rake
Board: [3c 8d Qc 9d Js]
Seat 4: -WILSON- showed [Jh Qd] and won 2440 with Two pairs : Queens and Jacks
Seat 7: Absinthe52 showed [4d 4c] and lost with One pair : 4


Winamax Poker - Tournament "No Limit Hold'em" buyIn: 0,45€ + 0,05€ level: 6 - HandId: #558758885679169537-20-1441747671 - Holdem no limit (80/160) - 2015/09/08 21:27:51 UTC
Table: 'No Limit Hold'em(130096191)#0' 10-max (real money) Seat #2 is the button
Seat 2: chris029 (1915)
Seat 3: Spyrale7 (2930)
Seat 4: -WILSON- (2440)
Seat 5: fatmacka (4378)
Seat 7: Absinthe52 (1385)
Seat 10: sabre_laser (1952)
*** ANTE/BLINDS ***
Spyrale7 posts small blind 80
-WILSON- posts big blind 160
Dealt to sabre_laser [7d 3h]
*** PRE-FLOP *** 
fatmacka raises 160 to 320
Absinthe52 folds
sabre_laser folds
chris029 folds
Spyrale7 folds
-WILSON- folds
fatmacka collected 560 from pot
*** SUMMARY ***
Total pot 560 | No rake
Seat 5: fatmacka won 560


Winamax Poker - Tournament "No Limit Hold'em" buyIn: 0,45€ + 0,05€ level: 6 - HandId: #558758885679169537-21-1441747699 - Holdem no limit (80/160) - 2015/09/08 21:28:19 UTC
Table: 'No Limit Hold'em(130096191)#0' 10-max (real money) Seat #3 is the button
Seat 2: chris029 (1915)
Seat 3: Spyrale7 (2850)
Seat 4: -WILSON- (2280)
Seat 5: fatmacka (4618)
Seat 7: Absinthe52 (1385)
Seat 10: sabre_laser (1952)
*** ANTE/BLINDS ***
-WILSON- posts small blind 80
fatmacka posts big blind 160
Dealt to sabre_laser [Jh 2h]
*** PRE-FLOP *** 
Absinthe52 calls 160
sabre_laser folds
chris029 folds
Spyrale7 folds
-WILSON- folds
fatmacka checks
*** FLOP *** [Kc 8h 9d]
fatmacka checks
Absinthe52 checks
*** TURN *** [Kc 8h 9d][Qs]
fatmacka checks
Absinthe52 checks
*** RIVER *** [Kc 8h 9d Qs][Ts]
fatmacka bets 400
Absinthe52 folds
fatmacka collected 800 from pot
*** SUMMARY ***
Total pot 800 | No rake
Board: [Kc 8h 9d Qs Ts]
Seat 5: fatmacka (big blind) won 800


Winamax Poker - Tournament "No Limit Hold'em" buyIn: 0,45€ + 0,05€ level: 7 - HandId: #558758885679169537-22-1441747756 - Holdem no limit (10/100/200) - 2015/09/08 21:29:16 UTC
Table: 'No Limit Hold'em(130096191)#0' 10-max (real money) Seat #4 is the button
Seat 2: chris029 (1915)
Seat 3: Spyrale7 (2850)
Seat 4: -WILSON- (2200)
Seat 5: fatmacka (4858)
Seat 7: Absinthe52 (1225)
Seat 10: sabre_laser (1952)
*** ANTE/BLINDS ***
fatmacka posts ante 10
Absinthe52 posts ante 10
chris029 posts ante 10
Spyrale7 posts ante 10
-WILSON- posts ante 10
sabre_laser posts ante 10
fatmacka posts small blind 100
Absinthe52 posts big blind 200
Dealt to sabre_laser [6h 4c]
*** PRE-FLOP *** 
sabre_laser folds
chris029 calls 200
Spyrale7 folds
-WILSON- folds
fatmacka folds
Absinthe52 checks
*** FLOP *** [7h Ts 2h]
Absinthe52 checks
chris029 bets 200
Absinthe52 folds
chris029 collected 760 from pot
*** SUMMARY ***
Total pot 760 | No rake
Board: [7h Ts 2h]
Seat 2: chris029 won 760


Winamax Poker - Tournament "No Limit Hold'em" buyIn: 0,45€ + 0,05€ level: 7 - HandId: #558758885679169537-23-1441747789 - Holdem no limit (10/100/200) - 2015/09/08 21:29:49 UTC
Table: 'No Limit Hold'em(130096191)#0' 10-max (real money) Seat #5 is the button
Seat 2: chris029 (2265)
Seat 3: Spyrale7 (2840)
Seat 4: -WILSON- (2190)
Seat 5: fatmacka (4748)
Seat 7: Absinthe52 (1015)
Seat 10: sabre_laser (1942)
*** ANTE/BLINDS ***
Absinthe52 posts ante 10
sabre_laser posts ante 10
chris029 posts ante 10
Spyrale7 posts ante 10
-WILSON- posts ante 10
fatmacka posts ante 10
Absinthe52 posts small blind 100
sabre_laser posts big blind 200
Dealt to sabre_laser [3d 8d]
*** PRE-FLOP *** 
chris029 calls 200
Spyrale7 folds
-WILSON- folds
fatmacka folds
Absinthe52 calls 100
sabre_laser checks
*** FLOP *** [Ac 6h 2s]
Absinthe52 checks
sabre_laser checks
chris029 bets 200
Absinthe52 folds
sabre_laser folds
chris029 collected 860 from pot
*** SUMMARY ***
Total pot 860 | No rake
Board: [Ac 6h 2s]
Seat 2: chris029 won 860


Winamax Poker - Tournament "No Limit Hold'em" buyIn: 0,45€ + 0,05€ level: 7 - HandId: #558758885679169537-24-1441747850 - Holdem no limit (10/100/200) - 2015/09/08 21:30:50 UTC
Table: 'No Limit Hold'em(130096191)#0' 10-max (real money) Seat #7 is the button
Seat 2: chris029 (2715)
Seat 3: Spyrale7 (2830)
Seat 4: -WILSON- (2180)
Seat 5: fatmacka (4738)
Seat 7: Absinthe52 (805)
Seat 10: sabre_laser (1732)
*** ANTE/BLINDS ***
sabre_laser posts ante 10
chris029 posts ante 10
Spyrale7 posts ante 10
-WILSON- posts ante 10
fatmacka posts ante 10
Absinthe52 posts ante 10
sabre_laser posts small blind 100
chris029 posts big blind 200
Dealt to sabre_laser [9d 8h]
*** PRE-FLOP *** 
Spyrale7 folds
-WILSON- folds
fatmacka folds
Absinthe52 raises 595 to 795 and is all-in
sabre_laser folds
chris029 folds
Absinthe52 collected 1155 from pot
*** SUMMARY ***
Total pot 1155 | No rake
Seat 7: Absinthe52 (button) won 1155


Winamax Poker - Tournament "No Limit Hold'em" buyIn: 0,45€ + 0,05€ level: 7 - HandId: #558758885679169537-25-1441747877 - Holdem no limit (10/100/200) - 2015/09/08 21:31:17 UTC
Table: 'No Limit Hold'em(130096191)#0' 10-max (real money) Seat #10 is the button
Seat 2: chris029 (2505)
Seat 3: Spyrale7 (2820)
Seat 4: -WILSON- (2170)
Seat 5: fatmacka (4728)
Seat 7: Absinthe52 (1155)
Seat 10: sabre_laser (1622)
*** ANTE/BLINDS ***
chris029 posts ante 10
Spyrale7 posts ante 10
-WILSON- posts ante 10
fatmacka posts ante 10
Absinthe52 posts ante 10
sabre_laser posts ante 10
chris029 posts small blind 100
Spyrale7 posts big blind 200
Dealt to sabre_laser [8s Qs]
*** PRE-FLOP *** 
-WILSON- folds
fatmacka folds
Absinthe52 folds
sabre_laser raises 200 to 400
chris029 calls 300
Spyrale7 calls 200
*** FLOP *** [5d 9d 2d]
chris029 checks
Spyrale7 checks
sabre_laser checks
*** TURN *** [5d 9d 2d][6h]
chris029 bets 200
Spyrale7 folds
sabre_laser folds
chris029 collected 1460 from pot
*** SUMMARY ***
Total pot 1460 | No rake
Board: [5d 9d 2d 6h]
Seat 2: chris029 (small blind) won 1460


Winamax Poker - Tournament "No Limit Hold'em" buyIn: 0,45€ + 0,05€ level: 8 - HandId: #558758885679169537-26-1441747949 - Holdem no limit (20/150/300) - 2015/09/08 21:32:29 UTC
Table: 'No Limit Hold'em(130096191)#0' 10-max (real money) Seat #2 is the button
Seat 2: chris029 (3355)
Seat 3: Spyrale7 (2410)
Seat 4: -WILSON- (2160)
Seat 5: fatmacka (4718)
Seat 7: Absinthe52 (1145)
Seat 10: sabre_laser (1212)
*** ANTE/BLINDS ***
Spyrale7 posts ante 20
-WILSON- posts ante 20
chris029 posts ante 20
fatmacka posts ante 20
Absinthe52 posts ante 20
sabre_laser posts ante 20
Spyrale7 posts small blind 150
-WILSON- posts big blind 300
Dealt to sabre_laser [3c 5s]
*** PRE-FLOP *** 
fatmacka folds
Absinthe52 folds
sabre_laser folds
chris029 folds
Spyrale7 calls 150
-WILSON- checks
*** FLOP *** [9c 4c Jc]
Spyrale7 bets 300
-WILSON- folds
Spyrale7 collected 1020 from pot
*** SUMMARY ***
Total pot 1020 | No rake
Board: [9c 4c Jc]
Seat 3: Spyrale7 (small blind) won 1020


Winamax Poker - Tournament "No Limit Hold'em" buyIn: 0,45€ + 0,05€ level: 8 - HandId: #558758885679169537-27-1441747998 - Holdem no limit (20/150/300) - 2015/09/08 21:33:18 UTC
Table: 'No Limit Hold'em(130096191)#0' 10-max (real money) Seat #3 is the button
Seat 2: chris029 (3335)
Seat 3: Spyrale7 (2810)
Seat 4: -WILSON- (1840)
Seat 5: fatmacka (4698)
Seat 7: Absinthe52 (1125)
Seat 10: sabre_laser (1192)
*** ANTE/BLINDS ***
-WILSON- posts ante 20
fatmacka posts ante 20
chris029 posts ante 20
Spyrale7 posts ante 20
Absinthe52 posts ante 20
sabre_laser posts ante 20
-WILSON- posts small blind 150
fatmacka posts big blind 300
Dealt to sabre_laser [8d 7d]
*** PRE-FLOP *** 
Absinthe52 folds
sabre_laser raises 872 to 1172 and is all-in
chris029 folds
Spyrale7 calls 1172
-WILSON- folds
fatmacka folds
*** FLOP *** [7s Ah 5d]
*** TURN *** [7s Ah 5d][Tc]
*** RIVER *** [7s Ah 5d Tc][3s]
*** SHOW DOWN ***
sabre_laser shows [8d 7d] (One pair : 7)
Spyrale7 shows [As Ks] (One pair : Aces)
Spyrale7 collected 2914 from pot
*** SUMMARY ***
Total pot 2914 | No rake
Board: [7s Ah 5d Tc 3s]
Seat 3: Spyrale7 (button) showed [As Ks] and won 2914 with One pair : Aces
Seat 10: sabre_laser showed [8d 7d] and lost with One pair : 7


