Winamax Poker - CashGame - HandId: #7305172-1620-1426707160 - Holdem no limit (0.01€/0.02€) - 2015/03/18 19:32:40 UTC
Table: 'Frankfurt 03' 9-max (real money) Seat #9 is the button
Seat 1: Reduxx (2.01€)
Seat 2: sabre_laser (2€)
Seat 3: cocker fun (2.95€)
Seat 4: Betteraves (2.26€)
Seat 5: Radeczech5 (2.59€)
Seat 6: _ZorGluB_ (1.77€)
Seat 7: thyphon1 (2€)
Seat 8: katekate (2€)
Seat 9: lea94220 (2.50€)
*** ANTE/BLINDS ***
Reduxx posts small blind 0.01€
sabre_laser posts big blind 0.02€
katekate posts big blind 0.02€ out of position
Dealt to sabre_laser [9h Kc]
*** PRE-FLOP *** 
cocker fun folds
Betteraves folds
Radeczech5 folds
_ZorGluB_ folds
thyphon1 folds
katekate checks
lea94220 folds
Reduxx folds
sabre_laser checks
*** FLOP *** [6c 5h Kh]
sabre_laser bets 0.02€
katekate folds
sabre_laser collected 0.07€ from pot
*** SUMMARY ***
Total pot 0.07€ | No rake
Board: [6c 5h Kh]
Seat 2: sabre_laser (big blind) won 0.07€


Winamax Poker - CashGame - HandId: #7305172-1621-1426707222 - Holdem no limit (0.01€/0.02€) - 2015/03/18 19:33:42 UTC
Table: 'Frankfurt 03' 9-max (real money) Seat #1 is the button
Seat 1: Reduxx (2€)
Seat 2: sabre_laser (2.03€)
Seat 3: cocker fun (2.95€)
Seat 4: Betteraves (2.26€)
Seat 5: Radeczech5 (2.59€)
Seat 6: _ZorGluB_ (1.77€)
Seat 7: thyphon1 (2€)
Seat 8: katekate (2€)
Seat 9: lea94220 (2.50€)
*** ANTE/BLINDS ***
sabre_laser posts small blind 0.01€
cocker fun posts big blind 0.02€
Dealt to sabre_laser [7c Ad]
*** PRE-FLOP *** 
Betteraves folds
Radeczech5 folds
_ZorGluB_ folds
thyphon1 folds
katekate calls 0.02€
lea94220 folds
Reduxx folds
sabre_laser calls 0.01€
cocker fun checks
*** FLOP *** [Th 6d 6s]
sabre_laser bets 0.06€
cocker fun folds
katekate folds
sabre_laser collected 0.12€ from pot
*** SUMMARY ***
Total pot 0.12€ | No rake
Board: [Th 6d 6s]
Seat 2: sabre_laser (small blind) won 0.12€


Winamax Poker - CashGame - HandId: #7305172-1622-1426707320 - Holdem no limit (0.01€/0.02€) - 2015/03/18 19:35:20 UTC
Table: 'Frankfurt 03' 9-max (real money) Seat #2 is the button
Seat 1: Reduxx (2€)
Seat 2: sabre_laser (2.07€)
Seat 3: cocker fun (2.93€)
Seat 4: Betteraves (2.26€)
Seat 5: Radeczech5 (2.59€)
Seat 6: _ZorGluB_ (1.77€)
Seat 7: thyphon1 (2€)
Seat 8: katekate (2€)
Seat 9: lea94220 (2.50€)
*** ANTE/BLINDS ***
cocker fun posts small blind 0.01€
Betteraves posts big blind 0.02€
Dealt to sabre_laser [9s Td]
*** PRE-FLOP *** 
Radeczech5 folds
_ZorGluB_ folds
thyphon1 folds
katekate folds
lea94220 folds
Reduxx folds
sabre_laser folds
cocker fun folds
Betteraves collected 0.03€ from pot
*** SUMMARY ***
Total pot 0.03€ | No rake
Seat 4: Betteraves (big blind) won 0.03€


Winamax Poker - CashGame - HandId: #7305172-1623-1426707361 - Holdem no limit (0.01€/0.02€) - 2015/03/18 19:36:01 UTC
Table: 'Frankfurt 03' 9-max (real money) Seat #3 is the button
Seat 1: Reduxx (2€)
Seat 2: sabre_laser (2.07€)
Seat 3: cocker fun (2.92€)
Seat 4: Betteraves (2.27€)
Seat 5: Radeczech5 (2.59€)
Seat 6: _ZorGluB_ (1.77€)
Seat 7: thyphon1 (2€)
Seat 8: katekate (2€)
Seat 9: lea94220 (2.50€)
*** ANTE/BLINDS ***
Betteraves posts small blind 0.01€
Radeczech5 posts big blind 0.02€
Dealt to sabre_laser [Qc 2c]
*** PRE-FLOP *** 
_ZorGluB_ folds
thyphon1 folds
katekate folds
lea94220 folds
Reduxx folds
sabre_laser raises 0.04€ to 0.06€
cocker fun folds
Betteraves folds
Radeczech5 folds
sabre_laser collected 0.09€ from pot
*** SUMMARY ***
Total pot 0.09€ | No rake
Seat 2: sabre_laser won 0.09€


Winamax Poker - CashGame - HandId: #7305172-1624-1426707406 - Holdem no limit (0.01€/0.02€) - 2015/03/18 19:36:46 UTC
Table: 'Frankfurt 03' 9-max (real money) Seat #4 is the button
Seat 1: Reduxx (2€)
Seat 2: sabre_laser (2.10€)
Seat 3: cocker fun (2.92€)
Seat 4: Betteraves (2.26€)
Seat 5: Radeczech5 (2.57€)
Seat 6: _ZorGluB_ (1.77€)
Seat 7: thyphon1 (2€)
Seat 8: katekate (2€)
Seat 9: lea94220 (2.50€)
*** ANTE/BLINDS ***
Radeczech5 posts small blind 0.01€
_ZorGluB_ posts big blind 0.02€
Dealt to sabre_laser [2h 3h]
*** PRE-FLOP *** 
thyphon1 folds
katekate calls 0.02€
lea94220 folds
Reduxx folds
sabre_laser folds
cocker fun folds
Betteraves folds
Radeczech5 calls 0.01€
_ZorGluB_ checks
*** FLOP *** [Ac Qh Qc]
Radeczech5 checks
_ZorGluB_ checks
katekate checks
*** TURN *** [Ac Qh Qc][8d]
Radeczech5 checks
_ZorGluB_ checks
katekate checks
*** RIVER *** [Ac Qh Qc 8d][6s]
Radeczech5 checks
_ZorGluB_ checks
katekate checks
*** SHOW DOWN ***
Radeczech5 shows [7c Tc] (One pair : Queens)
_ZorGluB_ shows [7s Ts] (One pair : Queens)
katekate shows [Js 9d] (One pair : Queens)
katekate collected 0.06€ from pot
*** SUMMARY ***
Total pot 0.06€ | No rake
Board: [Ac Qh Qc 8d 6s]
Seat 5: Radeczech5 (small blind) showed [7c Tc] and lost with One pair : Queens
Seat 6: _ZorGluB_ (big blind) showed [7s Ts] and lost with One pair : Queens
Seat 8: katekate showed [Js 9d] and won 0.06€ with One pair : Queens


Winamax Poker - CashGame - HandId: #7305172-1625-1426707516 - Holdem no limit (0.01€/0.02€) - 2015/03/18 19:38:36 UTC
Table: 'Frankfurt 03' 9-max (real money) Seat #5 is the button
Seat 1: Reduxx (2€)
Seat 2: sabre_laser (2.10€)
Seat 3: cocker fun (2.92€)
Seat 4: Betteraves (2.26€)
Seat 5: Radeczech5 (2.55€)
Seat 6: _ZorGluB_ (1.75€)
Seat 7: thyphon1 (2€)
Seat 8: katekate (2.04€)
Seat 9: lea94220 (2.50€)
*** ANTE/BLINDS ***
_ZorGluB_ posts small blind 0.01€
thyphon1 posts big blind 0.02€
Dealt to sabre_laser [6d 6s]
*** PRE-FLOP *** 
katekate folds
lea94220 folds
Reduxx folds
sabre_laser raises 0.06€ to 0.08€
cocker fun folds
Betteraves raises 0.14€ to 0.22€
Radeczech5 folds
_ZorGluB_ folds
thyphon1 folds
sabre_laser calls 0.14€
*** FLOP *** [6h 5d 9d]
sabre_laser checks
Betteraves bets 0.32€
sabre_laser raises 1.56€ to 1.88€ and is all-in
Betteraves calls 1.56€
*** TURN *** [6h 5d 9d][Kh]
*** RIVER *** [6h 5d 9d Kh][7d]
*** SHOW DOWN ***
Betteraves shows [Qh Qc] (One pair : Queens)
sabre_laser shows [6d 6s] (Trips of 6)
sabre_laser collected 3.96€ from pot
*** SUMMARY ***
Total pot 3.96€ | Rake 0.27€
Board: [6h 5d 9d Kh 7d]
Seat 2: sabre_laser showed [6d 6s] and won 3.96€ with Trips of 6
Seat 4: Betteraves showed [Qh Qc] and lost with One pair : Queens


Winamax Poker - CashGame - HandId: #7305172-1626-1426707584 - Holdem no limit (0.01€/0.02€) - 2015/03/18 19:39:44 UTC
Table: 'Frankfurt 03' 9-max (real money) Seat #6 is the button
Seat 1: Reduxx (2€)
Seat 2: sabre_laser (3.96€)
Seat 3: cocker fun (2.92€)
Seat 4: Betteraves (2€)
Seat 5: Radeczech5 (2.55€)
Seat 6: _ZorGluB_ (1.74€)
Seat 7: thyphon1 (2€)
Seat 8: katekate (2.04€)
Seat 9: lea94220 (2.50€)
*** ANTE/BLINDS ***
thyphon1 posts small blind 0.01€
katekate posts big blind 0.02€
Dealt to sabre_laser [9s Kh]
*** PRE-FLOP *** 
lea94220 calls 0.02€
Reduxx folds
sabre_laser folds
cocker fun folds
Betteraves folds
Radeczech5 raises 0.06€ to 0.08€
_ZorGluB_ calls 0.08€
thyphon1 folds
katekate calls 0.06€
lea94220 folds
*** FLOP *** [Js 2s 3d]
katekate checks
Radeczech5 checks
_ZorGluB_ bets 0.27€
katekate calls 0.27€
Radeczech5 folds
*** TURN *** [Js 2s 3d][2d]
katekate checks
_ZorGluB_ checks
*** RIVER *** [Js 2s 3d 2d][3h]
katekate checks
_ZorGluB_ bets 0.54€
katekate folds
_ZorGluB_ collected 1.30€ from pot
*** SUMMARY ***
Total pot 1.30€ | Rake 0.05€
Board: [Js 2s 3d 2d 3h]
Seat 6: _ZorGluB_ (button) won 1.30€


Winamax Poker - CashGame - HandId: #7305172-1627-1426707661 - Holdem no limit (0.01€/0.02€) - 2015/03/18 19:41:01 UTC
Table: 'Frankfurt 03' 9-max (real money) Seat #7 is the button
Seat 1: Reduxx (2€)
Seat 2: sabre_laser (3.96€)
Seat 3: cocker fun (2.92€)
Seat 4: Betteraves (2€)
Seat 5: Radeczech5 (2.47€)
Seat 6: _ZorGluB_ (2.15€)
Seat 7: thyphon1 (2€)
Seat 8: katekate (2€)
Seat 9: lea94220 (2.48€)
*** ANTE/BLINDS ***
katekate posts small blind 0.01€
lea94220 posts big blind 0.02€
Dealt to sabre_laser [Kd Qs]
*** PRE-FLOP *** 
Reduxx calls 0.02€
sabre_laser folds
cocker fun calls 0.02€
Betteraves folds
Radeczech5 folds
_ZorGluB_ folds
thyphon1 folds
katekate calls 0.01€
lea94220 checks
*** FLOP *** [Ts 3h 6c]
katekate checks
lea94220 checks
Reduxx checks
cocker fun checks
*** TURN *** [Ts 3h 6c][Qh]
katekate checks
lea94220 checks
Reduxx checks
cocker fun checks
*** RIVER *** [Ts 3h 6c Qh][3s]
katekate checks
lea94220 checks
Reduxx checks
cocker fun checks
*** SHOW DOWN ***
Reduxx shows [5d 5s] (Two pairs : 5 and 3)
cocker fun shows [Kc Ac] (One pair : 3)
katekate shows [8s Js] (One pair : 3)
lea94220 shows [Ad 6h] (Two pairs : 6 and 3)
lea94220 collected 0.07€ from pot
*** SUMMARY ***
Total pot 0.07€ | Rake 0.01€
Board: [Ts 3h 6c Qh 3s]
Seat 1: Reduxx showed [5d 5s] and lost with Two pairs : 5 and 3
Seat 3: cocker fun showed [Kc Ac] and lost with One pair : 3
Seat 8: katekate (small blind) showed [8s Js] and lost with One pair : 3
Seat 9: lea94220 (big blind) showed [Ad 6h] and won 0.07€ with Two pairs : 6 and 3


Winamax Poker - CashGame - HandId: #7305172-1628-1426707742 - Holdem no limit (0.01€/0.02€) - 2015/03/18 19:42:22 UTC
Table: 'Frankfurt 03' 9-max (real money) Seat #8 is the button
Seat 1: Reduxx (2€)
Seat 2: sabre_laser (3.96€)
Seat 3: cocker fun (2.90€)
Seat 4: Betteraves (2€)
Seat 5: Radeczech5 (2.47€)
Seat 6: _ZorGluB_ (2.15€)
Seat 7: thyphon1 (2€)
Seat 8: katekate (2€)
Seat 9: lea94220 (2.53€)
*** ANTE/BLINDS ***
lea94220 posts small blind 0.01€
Reduxx posts big blind 0.02€
Dealt to sabre_laser [5s 7c]
*** PRE-FLOP *** 
sabre_laser folds
cocker fun folds
Betteraves folds
Radeczech5 folds
_ZorGluB_ folds
thyphon1 folds
katekate folds
lea94220 calls 0.01€
Reduxx checks
*** FLOP *** [8s Qc 4s]
lea94220 checks
Reduxx checks
*** TURN *** [8s Qc 4s][3h]
lea94220 checks
Reduxx checks
*** RIVER *** [8s Qc 4s 3h][6h]
lea94220 checks
Reduxx checks
*** SHOW DOWN ***
Reduxx shows [2s Js] (High card : Queen)
lea94220 shows [9c Jd] (High card : Queen)
lea94220 collected 0.04€ from pot
*** SUMMARY ***
Total pot 0.04€ | No rake
Board: [8s Qc 4s 3h 6h]
Seat 1: Reduxx (big blind) showed [2s Js] and lost with High card : Queen
Seat 9: lea94220 (small blind) showed [9c Jd] and won 0.04€ with High card : Queen


Winamax Poker - CashGame - HandId: #7305172-1629-1426707781 - Holdem no limit (0.01€/0.02€) - 2015/03/18 19:43:01 UTC
Table: 'Frankfurt 03' 9-max (real money) Seat #9 is the button
Seat 1: Reduxx (2€)
Seat 2: sabre_laser (3.96€)
Seat 3: cocker fun (2.90€)
Seat 4: Betteraves (2€)
Seat 5: Radeczech5 (2.47€)
Seat 6: _ZorGluB_ (2.15€)
Seat 7: thyphon1 (2€)
Seat 8: katekate (2€)
Seat 9: lea94220 (2.55€)
*** ANTE/BLINDS ***
Reduxx posts small blind 0.01€
sabre_laser posts big blind 0.02€
Dealt to sabre_laser [Ah 2h]
*** PRE-FLOP *** 
cocker fun folds
Betteraves folds
Radeczech5 calls 0.02€
_ZorGluB_ folds
thyphon1 raises 0.04€ to 0.06€
katekate folds
lea94220 calls 0.06€
Reduxx folds
sabre_laser calls 0.04€
Radeczech5 calls 0.04€
*** FLOP *** [Jc 2c Jh]
sabre_laser checks
Radeczech5 checks
thyphon1 checks
lea94220 checks
*** TURN *** [Jc 2c Jh][4s]
sabre_laser bets 0.13€
Radeczech5 folds
thyphon1 folds
lea94220 folds
sabre_laser collected 0.36€ from pot
*** SUMMARY ***
Total pot 0.36€ | Rake 0.02€
Board: [Jc 2c Jh 4s]
Seat 2: sabre_laser (big blind) won 0.36€


Winamax Poker - CashGame - HandId: #7305172-1630-1426707879 - Holdem no limit (0.01€/0.02€) - 2015/03/18 19:44:39 UTC
Table: 'Frankfurt 03' 9-max (real money) Seat #1 is the button
Seat 1: Reduxx (2€)
Seat 2: sabre_laser (4.13€)
Seat 3: cocker fun (2.90€)
Seat 4: Betteraves (2€)
Seat 5: Radeczech5 (2.41€)
Seat 6: _ZorGluB_ (2.15€)
Seat 7: thyphon1 (2€)
Seat 8: katekate (2€)
Seat 9: lea94220 (2.49€)
*** ANTE/BLINDS ***
sabre_laser posts small blind 0.01€
cocker fun posts big blind 0.02€
Dealt to sabre_laser [7s 3d]
*** PRE-FLOP *** 
Betteraves folds
Radeczech5 folds
_ZorGluB_ folds
thyphon1 folds
katekate calls 0.02€
lea94220 raises 0.08€ to 0.10€
Reduxx folds
sabre_laser folds
cocker fun calls 0.08€
katekate calls 0.08€
*** FLOP *** [3s Ad 4s]
cocker fun bets 0.23€
katekate folds
lea94220 folds
cocker fun collected 0.52€ from pot
*** SUMMARY ***
Total pot 0.52€ | Rake 0.02€
Board: [3s Ad 4s]
Seat 3: cocker fun (big blind) won 0.52€


Winamax Poker - CashGame - HandId: #7305172-1631-1426707988 - Holdem no limit (0.01€/0.02€) - 2015/03/18 19:46:28 UTC
Table: 'Frankfurt 03' 9-max (real money) Seat #2 is the button
Seat 1: Reduxx (2€)
Seat 2: sabre_laser (4.12€)
Seat 3: cocker fun (3.09€)
Seat 4: Betteraves (2€)
Seat 5: Radeczech5 (2.41€)
Seat 6: _ZorGluB_ (2.15€)
Seat 7: thyphon1 (2€)
Seat 8: katekate (1.90€)
Seat 9: lea94220 (2.39€)
*** ANTE/BLINDS ***
cocker fun posts small blind 0.01€
Betteraves posts big blind 0.02€
Dealt to sabre_laser [9h 4d]
*** PRE-FLOP *** 
Radeczech5 folds
_ZorGluB_ calls 0.02€
thyphon1 folds
katekate calls 0.02€
lea94220 folds
Reduxx folds
sabre_laser folds
cocker fun folds
Betteraves checks
*** FLOP *** [Td 2s 9s]
Betteraves checks
_ZorGluB_ checks
katekate checks
*** TURN *** [Td 2s 9s][7c]
Betteraves checks
_ZorGluB_ checks
katekate checks
*** RIVER *** [Td 2s 9s 7c][Qs]
Betteraves bets 0.08€
_ZorGluB_ folds
katekate calls 0.08€
*** SHOW DOWN ***
katekate shows [Jh Kc] (Straight King high)
Betteraves shows [5s Ks] (Flush King high)
Betteraves collected 0.22€ from pot
*** SUMMARY ***
Total pot 0.22€ | Rake 0.01€
Board: [Td 2s 9s 7c Qs]
Seat 4: Betteraves (big blind) showed [5s Ks] and won 0.22€ with Flush King high
Seat 8: katekate showed [Jh Kc] and lost with Straight King high


Winamax Poker - CashGame - HandId: #7305172-1632-1426708038 - Holdem no limit (0.01€/0.02€) - 2015/03/18 19:47:18 UTC
Table: 'Frankfurt 03' 9-max (real money) Seat #3 is the button
Seat 1: Reduxx (2€)
Seat 2: sabre_laser (4.12€)
Seat 3: cocker fun (3.08€)
Seat 4: Betteraves (2.12€)
Seat 5: Radeczech5 (2.41€)
Seat 6: _ZorGluB_ (2.13€)
Seat 7: thyphon1 (2€)
Seat 8: katekate (1.80€)
Seat 9: lea94220 (2.39€)
*** ANTE/BLINDS ***
Betteraves posts small blind 0.01€
Radeczech5 posts big blind 0.02€
Dealt to sabre_laser [6h Qh]
*** PRE-FLOP *** 
_ZorGluB_ calls 0.02€
thyphon1 folds
katekate folds
lea94220 folds
Reduxx folds
sabre_laser folds
cocker fun folds
Betteraves folds
Radeczech5 checks
*** FLOP *** [Jh Ad 7s]
Radeczech5 checks
_ZorGluB_ checks
*** TURN *** [Jh Ad 7s][9s]
Radeczech5 checks
_ZorGluB_ bets 0.03€
Radeczech5 folds
_ZorGluB_ collected 0.08€ from pot
*** SUMMARY ***
Total pot 0.08€ | No rake
Board: [Jh Ad 7s 9s]
Seat 6: _ZorGluB_ won 0.08€


Winamax Poker - CashGame - HandId: #7305172-1633-1426708167 - Holdem no limit (0.01€/0.02€) - 2015/03/18 19:49:27 UTC
Table: 'Frankfurt 03' 9-max (real money) Seat #4 is the button
Seat 1: Reduxx (2€)
Seat 2: sabre_laser (4.12€)
Seat 3: cocker fun (3.08€)
Seat 4: Betteraves (2.11€)
Seat 5: Radeczech5 (2.39€)
Seat 6: _ZorGluB_ (2.16€)
Seat 7: thyphon1 (2€)
Seat 8: katekate (1.80€)
Seat 9: lea94220 (2.39€)
*** ANTE/BLINDS ***
Radeczech5 posts small blind 0.01€
_ZorGluB_ posts big blind 0.02€
Dealt to sabre_laser [3s Kh]
*** PRE-FLOP *** 
thyphon1 folds
katekate folds
lea94220 folds
Reduxx folds
sabre_laser folds
cocker fun folds
Betteraves raises 0.06€ to 0.08€
Radeczech5 folds
_ZorGluB_ folds
Betteraves collected 0.11€ from pot
*** SUMMARY ***
Total pot 0.11€ | No rake
Seat 4: Betteraves (button) won 0.11€


Winamax Poker - CashGame - HandId: #7305172-1634-1426708211 - Holdem no limit (0.01€/0.02€) - 2015/03/18 19:50:11 UTC
Table: 'Frankfurt 03' 9-max (real money) Seat #5 is the button
Seat 1: Reduxx (2€)
Seat 2: sabre_laser (4.12€)
Seat 3: cocker fun (3.08€)
Seat 4: Betteraves (2.14€)
Seat 5: Radeczech5 (2.38€)
Seat 6: _ZorGluB_ (2.14€)
Seat 7: thyphon1 (2€)
Seat 8: katekate (1.80€)
Seat 9: lea94220 (2.39€)
*** ANTE/BLINDS ***
_ZorGluB_ posts small blind 0.01€
thyphon1 posts big blind 0.02€
Dealt to sabre_laser [5c 7h]
*** PRE-FLOP *** 
lea94220 folds
Reduxx folds
sabre_laser folds
cocker fun raises 0.04€ to 0.06€
Betteraves folds
Radeczech5 folds
_ZorGluB_ folds
thyphon1 folds
cocker fun collected 0.09€ from pot
*** SUMMARY ***
Total pot 0.09€ | No rake
Seat 3: cocker fun won 0.09€


Winamax Poker - CashGame - HandId: #7305172-1635-1426708277 - Holdem no limit (0.01€/0.02€) - 2015/03/18 19:51:17 UTC
Table: 'Frankfurt 03' 9-max (real money) Seat #6 is the button
Seat 1: Reduxx (2€)
Seat 2: sabre_laser (4.12€)
Seat 3: cocker fun (3.11€)
Seat 4: Betteraves (2.14€)
Seat 5: Radeczech5 (2.38€)
Seat 6: _ZorGluB_ (2.13€)
Seat 7: thyphon1 (2€)
Seat 8: katekate (1.80€)
Seat 9: lea94220 (2.39€)
*** ANTE/BLINDS ***
thyphon1 posts small blind 0.01€
lea94220 posts big blind 0.02€
Dealt to sabre_laser [3d 6s]
*** PRE-FLOP *** 
Reduxx folds
sabre_laser folds
cocker fun folds
Betteraves folds
Radeczech5 folds
_ZorGluB_ folds
thyphon1 folds
lea94220 collected 0.03€ from pot
*** SUMMARY ***
Total pot 0.03€ | No rake
Seat 9: lea94220 (big blind) won 0.03€


Winamax Poker - CashGame - HandId: #7305172-1636-1426708301 - Holdem no limit (0.01€/0.02€) - 2015/03/18 19:51:41 UTC
Table: 'Frankfurt 03' 9-max (real money) Seat #7 is the button
Seat 1: Reduxx (2€)
Seat 2: sabre_laser (4.12€)
Seat 3: cocker fun (3.11€)
Seat 4: Betteraves (2.14€)
Seat 5: Radeczech5 (2.38€)
Seat 6: _ZorGluB_ (2.13€)
Seat 7: thyphon1 (2€)
Seat 8: katekate (1.80€)
Seat 9: lea94220 (2.40€)
*** ANTE/BLINDS ***
lea94220 posts small blind 0.01€
Reduxx posts big blind 0.02€
Dealt to sabre_laser [9c 5c]
*** PRE-FLOP *** 
sabre_laser folds
cocker fun folds
Betteraves raises 0.08€ to 0.10€
Radeczech5 folds
_ZorGluB_ folds
thyphon1 folds
lea94220 folds
Reduxx folds
Betteraves collected 0.13€ from pot
*** SUMMARY ***
Total pot 0.13€ | No rake
Seat 4: Betteraves won 0.13€


Winamax Poker - CashGame - HandId: #7305172-1637-1426708323 - Holdem no limit (0.01€/0.02€) - 2015/03/18 19:52:03 UTC
Table: 'Frankfurt 03' 9-max (real money) Seat #9 is the button
Seat 1: Reduxx (2€)
Seat 2: sabre_laser (4.12€)
Seat 3: cocker fun (3.11€)
Seat 4: Betteraves (2.17€)
Seat 5: Radeczech5 (2.38€)
Seat 6: _ZorGluB_ (2.13€)
Seat 7: thyphon1 (2€)
Seat 8: katekate (1.80€)
Seat 9: lea94220 (2.39€)
*** ANTE/BLINDS ***
Reduxx posts small blind 0.01€
sabre_laser posts big blind 0.02€
Dealt to sabre_laser [8d Ah]
*** PRE-FLOP *** 
cocker fun folds
Betteraves folds
Radeczech5 folds
_ZorGluB_ folds
thyphon1 folds
lea94220 raises 0.03€ to 0.05€
Reduxx folds
sabre_laser calls 0.03€
*** FLOP *** [6c 3c 3s]
sabre_laser checks
lea94220 checks
*** TURN *** [6c 3c 3s][4h]
sabre_laser bets 0.06€
lea94220 folds
sabre_laser collected 0.16€ from pot
*** SUMMARY ***
Total pot 0.16€ | Rake 0.01€
Board: [6c 3c 3s 4h]
Seat 2: sabre_laser (big blind) won 0.16€


Winamax Poker - CashGame - HandId: #7305172-1638-1426708359 - Holdem no limit (0.01€/0.02€) - 2015/03/18 19:52:39 UTC
Table: 'Frankfurt 03' 9-max (real money) Seat #1 is the button
Seat 1: Reduxx (2€)
Seat 2: sabre_laser (4.17€)
Seat 3: cocker fun (3.11€)
Seat 4: Betteraves (2.17€)
Seat 5: Radeczech5 (2.38€)
Seat 6: _ZorGluB_ (2.13€)
Seat 7: thyphon1 (2€)
Seat 8: katekate (1.80€)
Seat 9: lea94220 (2.34€)
*** ANTE/BLINDS ***
sabre_laser posts small blind 0.01€
cocker fun posts big blind 0.02€
Dealt to sabre_laser [8s 3h]
*** PRE-FLOP *** 
Betteraves folds
Radeczech5 folds
_ZorGluB_ folds
thyphon1 folds
lea94220 folds
Reduxx folds
sabre_laser folds
cocker fun collected 0.03€ from pot
*** SUMMARY ***
Total pot 0.03€ | No rake
Seat 3: cocker fun (big blind) won 0.03€


Winamax Poker - CashGame - HandId: #7305172-1639-1426708391 - Holdem no limit (0.01€/0.02€) - 2015/03/18 19:53:11 UTC
Table: 'Frankfurt 03' 9-max (real money) Seat #2 is the button
Seat 1: Reduxx (2€)
Seat 2: sabre_laser (4.16€)
Seat 3: cocker fun (3.12€)
Seat 4: Betteraves (2.17€)
Seat 5: Radeczech5 (2.38€)
Seat 6: _ZorGluB_ (2.13€)
Seat 7: thyphon1 (2€)
Seat 8: katekate (1.80€)
Seat 9: lea94220 (2.34€)
*** ANTE/BLINDS ***
cocker fun posts small blind 0.01€
Betteraves posts big blind 0.02€
Dealt to sabre_laser [Ad Jh]
*** PRE-FLOP *** 
Radeczech5 folds
_ZorGluB_ folds
thyphon1 folds
lea94220 folds
Reduxx folds
sabre_laser raises 0.03€ to 0.05€
cocker fun folds
Betteraves folds
sabre_laser collected 0.08€ from pot
*** SUMMARY ***
Total pot 0.08€ | No rake
Seat 2: sabre_laser (button) won 0.08€


