Winamax Poker - Tournament "Double or Nothing" buyIn: 0,46€ + 0,04€ level: 0 - HandId: #458798478257029121-1-1421360056 - Holdem no limit (10/20) - 2015/01/15 22:14:16 UTC
Table: 'Double or Nothing(106822345)#0' 10-max (real money) Seat #7 is the button
Seat 1: zedbez (1500)
Seat 2: berbere14000 (1500)
Seat 3: Prokiller59 (1500)
Seat 4: djokkker (1500)
Seat 5: sabre_laser (1500)
Seat 6: AAddict39 (1500)
Seat 7: mamdvapary (1500)
Seat 8: x_romanox67 (1500)
Seat 9: denis6266 (1500)
Seat 10: santi21 (1500)
*** ANTE/BLINDS ***
x_romanox67 posts small blind 10
denis6266 posts big blind 20
Dealt to sabre_laser [9s Ah]
*** PRE-FLOP *** 
santi21 folds
zedbez raises 80 to 100
berbere14000 folds
Prokiller59 folds
djokkker folds
sabre_laser folds
AAddict39 folds
mamdvapary folds
x_romanox67 folds
denis6266 calls 80
*** FLOP *** [Qc 4h 9c]
denis6266 bets 210
zedbez folds
denis6266 collected 420 from pot
*** SUMMARY ***
Total pot 420 | No rake
Board: [Qc 4h 9c]
Seat 9: denis6266 (big blind) won 420


Winamax Poker - Tournament "Double or Nothing" buyIn: 0,46€ + 0,04€ level: 0 - HandId: #458798478257029121-2-1421360115 - Holdem no limit (10/20) - 2015/01/15 22:15:15 UTC
Table: 'Double or Nothing(106822345)#0' 10-max (real money) Seat #8 is the button
Seat 1: zedbez (1400)
Seat 2: berbere14000 (1500)
Seat 3: Prokiller59 (1500)
Seat 4: djokkker (1500)
Seat 5: sabre_laser (1500)
Seat 6: AAddict39 (1500)
Seat 7: mamdvapary (1500)
Seat 8: x_romanox67 (1490)
Seat 9: denis6266 (1610)
Seat 10: santi21 (1500)
*** ANTE/BLINDS ***
denis6266 posts small blind 10
santi21 posts big blind 20
Dealt to sabre_laser [6h 7d]
*** PRE-FLOP *** 
zedbez folds
berbere14000 folds
Prokiller59 folds
djokkker calls 20
sabre_laser folds
AAddict39 folds
mamdvapary folds
x_romanox67 folds
denis6266 calls 10
santi21 checks
*** FLOP *** [2h 4c Kd]
denis6266 checks
santi21 checks
djokkker bets 20
denis6266 folds
santi21 calls 20
*** TURN *** [2h 4c Kd][6c]
santi21 checks
djokkker checks
*** RIVER *** [2h 4c Kd 6c][8s]
santi21 folds
djokkker collected 100 from pot
*** SUMMARY ***
Total pot 100 | No rake
Board: [2h 4c Kd 6c 8s]
Seat 4: djokkker won 100


Winamax Poker - Tournament "Double or Nothing" buyIn: 0,46€ + 0,04€ level: 0 - HandId: #458798478257029121-3-1421360202 - Holdem no limit (10/20) - 2015/01/15 22:16:42 UTC
Table: 'Double or Nothing(106822345)#0' 10-max (real money) Seat #9 is the button
Seat 1: zedbez (1400)
Seat 2: berbere14000 (1500)
Seat 3: Prokiller59 (1500)
Seat 4: djokkker (1560)
Seat 5: sabre_laser (1500)
Seat 6: AAddict39 (1500)
Seat 7: mamdvapary (1500)
Seat 8: x_romanox67 (1490)
Seat 9: denis6266 (1590)
Seat 10: santi21 (1460)
*** ANTE/BLINDS ***
santi21 posts small blind 10
zedbez posts big blind 20
Dealt to sabre_laser [4h Ks]
*** PRE-FLOP *** 
berbere14000 calls 20
Prokiller59 folds
djokkker folds
sabre_laser folds
AAddict39 folds
mamdvapary folds
x_romanox67 folds
denis6266 folds
santi21 raises 80 to 100
zedbez folds
berbere14000 raises 220 to 320
santi21 raises 660 to 980
berbere14000 raises 520 to 1500 and is all-in
santi21 calls 480 and is all-in
*** FLOP *** [4d 4c 8h]
*** TURN *** [4d 4c 8h][Td]
*** RIVER *** [4d 4c 8h Td][7d]
*** SHOW DOWN ***
santi21 shows [Ac 9d] (One pair : 4)
berbere14000 shows [Ad Kc] (One pair : 4)
berbere14000 collected 2980 from pot
*** SUMMARY ***
Total pot 2980 | No rake
Board: [4d 4c 8h Td 7d]
Seat 2: berbere14000 showed [Ad Kc] and won 2980 with One pair : 4
Seat 10: santi21 (small blind) showed [Ac 9d] and lost with One pair : 4


Winamax Poker - Tournament "Double or Nothing" buyIn: 0,46€ + 0,04€ level: 1 - HandId: #458798478257029121-4-1421360275 - Holdem no limit (15/30) - 2015/01/15 22:17:55 UTC
Table: 'Double or Nothing(106822345)#0' 10-max (real money) Seat #10 is the button
Seat 1: zedbez (1380)
Seat 2: berbere14000 (2980)
Seat 3: Prokiller59 (1500)
Seat 4: djokkker (1560)
Seat 5: sabre_laser (1500)
Seat 6: AAddict39 (1500)
Seat 7: mamdvapary (1500)
Seat 8: x_romanox67 (1490)
Seat 9: denis6266 (1590)
*** ANTE/BLINDS ***
zedbez posts small blind 15
berbere14000 posts big blind 30
Dealt to sabre_laser [7d Ah]
*** PRE-FLOP *** 
Prokiller59 folds
djokkker calls 30
sabre_laser folds
AAddict39 folds
mamdvapary folds
x_romanox67 folds
denis6266 folds
zedbez folds
berbere14000 checks
*** FLOP *** [Jd 7h 2c]
berbere14000 checks
djokkker bets 30
berbere14000 folds
djokkker collected 105 from pot
*** SUMMARY ***
Total pot 105 | No rake
Board: [Jd 7h 2c]
Seat 4: djokkker won 105


Winamax Poker - Tournament "Double or Nothing" buyIn: 0,46€ + 0,04€ level: 1 - HandId: #458798478257029121-5-1421360316 - Holdem no limit (15/30) - 2015/01/15 22:18:36 UTC
Table: 'Double or Nothing(106822345)#0' 10-max (real money) Seat #1 is the button
Seat 1: zedbez (1365)
Seat 2: berbere14000 (2950)
Seat 3: Prokiller59 (1500)
Seat 4: djokkker (1605)
Seat 5: sabre_laser (1500)
Seat 6: AAddict39 (1500)
Seat 7: mamdvapary (1500)
Seat 8: x_romanox67 (1490)
Seat 9: denis6266 (1590)
*** ANTE/BLINDS ***
berbere14000 posts small blind 15
Prokiller59 posts big blind 30
Dealt to sabre_laser [8h 2h]
*** PRE-FLOP *** 
djokkker calls 30
sabre_laser folds
AAddict39 folds
mamdvapary folds
x_romanox67 folds
denis6266 calls 30
zedbez folds
berbere14000 calls 15
Prokiller59 checks
*** FLOP *** [Jc 2s Qd]
berbere14000 checks
Prokiller59 checks
djokkker checks
denis6266 checks
*** TURN *** [Jc 2s Qd][Qs]
berbere14000 checks
Prokiller59 checks
djokkker bets 45
denis6266 folds
berbere14000 folds
Prokiller59 folds
djokkker collected 165 from pot
*** SUMMARY ***
Total pot 165 | No rake
Board: [Jc 2s Qd Qs]
Seat 4: djokkker won 165


Winamax Poker - Tournament "Double or Nothing" buyIn: 0,46€ + 0,04€ level: 2 - HandId: #458798478257029121-6-1421360419 - Holdem no limit (20/40) - 2015/01/15 22:20:19 UTC
Table: 'Double or Nothing(106822345)#0' 10-max (real money) Seat #2 is the button
Seat 1: zedbez (1365)
Seat 2: berbere14000 (2920)
Seat 3: Prokiller59 (1470)
Seat 4: djokkker (1695)
Seat 5: sabre_laser (1500)
Seat 6: AAddict39 (1500)
Seat 7: mamdvapary (1500)
Seat 8: x_romanox67 (1490)
Seat 9: denis6266 (1560)
*** ANTE/BLINDS ***
Prokiller59 posts small blind 20
djokkker posts big blind 40
Dealt to sabre_laser [4s 2c]
*** PRE-FLOP *** 
sabre_laser folds
AAddict39 folds
mamdvapary folds
x_romanox67 folds
denis6266 folds
zedbez folds
berbere14000 folds
Prokiller59 folds
djokkker collected 60 from pot
*** SUMMARY ***
Total pot 60 | No rake
Seat 4: djokkker (big blind) won 60


Winamax Poker - Tournament "Double or Nothing" buyIn: 0,46€ + 0,04€ level: 2 - HandId: #458798478257029121-7-1421360472 - Holdem no limit (20/40) - 2015/01/15 22:21:12 UTC
Table: 'Double or Nothing(106822345)#0' 10-max (real money) Seat #3 is the button
Seat 1: zedbez (1365)
Seat 2: berbere14000 (2920)
Seat 3: Prokiller59 (1450)
Seat 4: djokkker (1715)
Seat 5: sabre_laser (1500)
Seat 6: AAddict39 (1500)
Seat 7: mamdvapary (1500)
Seat 8: x_romanox67 (1490)
Seat 9: denis6266 (1560)
*** ANTE/BLINDS ***
djokkker posts small blind 20
sabre_laser posts big blind 40
Dealt to sabre_laser [7s 9d]
*** PRE-FLOP *** 
AAddict39 folds
mamdvapary folds
x_romanox67 folds
denis6266 calls 40
zedbez folds
berbere14000 raises 140 to 180
Prokiller59 folds
djokkker folds
sabre_laser folds
denis6266 calls 140
*** FLOP *** [3s 4s Kd]
denis6266 bets 1380 and is all-in
berbere14000 calls 1380
*** TURN *** [3s 4s Kd][Jd]
*** RIVER *** [3s 4s Kd Jd][2c]
*** SHOW DOWN ***
berbere14000 shows [Qc Ac] (High card : Ace)
denis6266 shows [Ks Qh] (One pair : Kings)
denis6266 collected 3180 from pot
*** SUMMARY ***
Total pot 3180 | No rake
Board: [3s 4s Kd Jd 2c]
Seat 2: berbere14000 showed [Qc Ac] and lost with High card : Ace
Seat 9: denis6266 showed [Ks Qh] and won 3180 with One pair : Kings


Winamax Poker - Tournament "Double or Nothing" buyIn: 0,46€ + 0,04€ level: 2 - HandId: #458798478257029121-8-1421360561 - Holdem no limit (20/40) - 2015/01/15 22:22:41 UTC
Table: 'Double or Nothing(106822345)#0' 10-max (real money) Seat #4 is the button
Seat 1: zedbez (1365)
Seat 2: berbere14000 (1360)
Seat 3: Prokiller59 (1450)
Seat 4: djokkker (1695)
Seat 5: sabre_laser (1460)
Seat 6: AAddict39 (1500)
Seat 7: mamdvapary (1500)
Seat 8: x_romanox67 (1490)
Seat 9: denis6266 (3180)
*** ANTE/BLINDS ***
sabre_laser posts small blind 20
AAddict39 posts big blind 40
Dealt to sabre_laser [8s 5c]
*** PRE-FLOP *** 
mamdvapary folds
x_romanox67 folds
denis6266 folds
zedbez raises 160 to 200
berbere14000 folds
Prokiller59 folds
djokkker folds
sabre_laser folds
AAddict39 calls 160
*** FLOP *** [Jh Ts 8h]
AAddict39 checks
zedbez bets 420
AAddict39 folds
zedbez collected 840 from pot
*** SUMMARY ***
Total pot 840 | No rake
Board: [Jh Ts 8h]
Seat 1: zedbez won 840


Winamax Poker - Tournament "Double or Nothing" buyIn: 0,46€ + 0,04€ level: 3 - HandId: #458798478257029121-9-1421360609 - Holdem no limit (30/60) - 2015/01/15 22:23:29 UTC
Table: 'Double or Nothing(106822345)#0' 10-max (real money) Seat #5 is the button
Seat 1: zedbez (1585)
Seat 2: berbere14000 (1360)
Seat 3: Prokiller59 (1450)
Seat 4: djokkker (1695)
Seat 5: sabre_laser (1440)
Seat 6: AAddict39 (1300)
Seat 7: mamdvapary (1500)
Seat 8: x_romanox67 (1490)
Seat 9: denis6266 (3180)
*** ANTE/BLINDS ***
AAddict39 posts small blind 30
mamdvapary posts big blind 60
Dealt to sabre_laser [2c Js]
*** PRE-FLOP *** 
x_romanox67 folds
denis6266 folds
zedbez folds
berbere14000 raises 150 to 210
Prokiller59 folds
djokkker folds
sabre_laser folds
AAddict39 folds
mamdvapary folds
berbere14000 collected 300 from pot
*** SUMMARY ***
Total pot 300 | No rake
Seat 2: berbere14000 won 300


Winamax Poker - Tournament "Double or Nothing" buyIn: 0,46€ + 0,04€ level: 3 - HandId: #458798478257029121-10-1421360636 - Holdem no limit (30/60) - 2015/01/15 22:23:56 UTC
Table: 'Double or Nothing(106822345)#0' 10-max (real money) Seat #6 is the button
Seat 1: zedbez (1585)
Seat 2: berbere14000 (1450)
Seat 3: Prokiller59 (1450)
Seat 4: djokkker (1695)
Seat 5: sabre_laser (1440)
Seat 6: AAddict39 (1270)
Seat 7: mamdvapary (1440)
Seat 8: x_romanox67 (1490)
Seat 9: denis6266 (3180)
*** ANTE/BLINDS ***
mamdvapary posts small blind 30
x_romanox67 posts big blind 60
Dealt to sabre_laser [9c 2d]
*** PRE-FLOP *** 
denis6266 folds
zedbez folds
berbere14000 calls 60
Prokiller59 folds
djokkker folds
sabre_laser folds
AAddict39 calls 60
mamdvapary folds
x_romanox67 checks
*** FLOP *** [Qd Tc Th]
x_romanox67 checks
berbere14000 bets 210
AAddict39 folds
x_romanox67 folds
berbere14000 collected 420 from pot
*** SUMMARY ***
Total pot 420 | No rake
Board: [Qd Tc Th]
Seat 2: berbere14000 won 420


Winamax Poker - Tournament "Double or Nothing" buyIn: 0,46€ + 0,04€ level: 3 - HandId: #458798478257029121-11-1421360683 - Holdem no limit (30/60) - 2015/01/15 22:24:43 UTC
Table: 'Double or Nothing(106822345)#0' 10-max (real money) Seat #7 is the button
Seat 1: zedbez (1585)
Seat 2: berbere14000 (1600)
Seat 3: Prokiller59 (1450)
Seat 4: djokkker (1695)
Seat 5: sabre_laser (1440)
Seat 6: AAddict39 (1210)
Seat 7: mamdvapary (1410)
Seat 8: x_romanox67 (1430)
Seat 9: denis6266 (3180)
*** ANTE/BLINDS ***
x_romanox67 posts small blind 30
denis6266 posts big blind 60
Dealt to sabre_laser [8h Ah]
*** PRE-FLOP *** 
zedbez folds
berbere14000 folds
Prokiller59 folds
djokkker folds
sabre_laser raises 90 to 150
AAddict39 folds
mamdvapary folds
x_romanox67 folds
denis6266 folds
sabre_laser collected 240 from pot
*** SUMMARY ***
Total pot 240 | No rake
Seat 5: sabre_laser won 240


Winamax Poker - Tournament "Double or Nothing" buyIn: 0,46€ + 0,04€ level: 3 - HandId: #458798478257029121-12-1421360727 - Holdem no limit (30/60) - 2015/01/15 22:25:27 UTC
Table: 'Double or Nothing(106822345)#0' 10-max (real money) Seat #8 is the button
Seat 1: zedbez (1585)
Seat 2: berbere14000 (1600)
Seat 3: Prokiller59 (1450)
Seat 4: djokkker (1695)
Seat 5: sabre_laser (1530)
Seat 6: AAddict39 (1210)
Seat 7: mamdvapary (1410)
Seat 8: x_romanox67 (1400)
Seat 9: denis6266 (3120)
*** ANTE/BLINDS ***
denis6266 posts small blind 30
zedbez posts big blind 60
Dealt to sabre_laser [8s 9d]
*** PRE-FLOP *** 
berbere14000 folds
Prokiller59 folds
djokkker folds
sabre_laser folds
AAddict39 folds
mamdvapary folds
x_romanox67 folds
denis6266 raises 60 to 120
zedbez folds
denis6266 collected 180 from pot
*** SUMMARY ***
Total pot 180 | No rake
Seat 9: denis6266 (small blind) won 180


Winamax Poker - Tournament "Double or Nothing" buyIn: 0,46€ + 0,04€ level: 3 - HandId: #458798478257029121-13-1421360760 - Holdem no limit (30/60) - 2015/01/15 22:26:00 UTC
Table: 'Double or Nothing(106822345)#0' 10-max (real money) Seat #9 is the button
Seat 1: zedbez (1525)
Seat 2: berbere14000 (1600)
Seat 3: Prokiller59 (1450)
Seat 4: djokkker (1695)
Seat 5: sabre_laser (1530)
Seat 6: AAddict39 (1210)
Seat 7: mamdvapary (1410)
Seat 8: x_romanox67 (1400)
Seat 9: denis6266 (3180)
*** ANTE/BLINDS ***
zedbez posts small blind 30
berbere14000 posts big blind 60
Dealt to sabre_laser [Js 4h]
*** PRE-FLOP *** 
Prokiller59 folds
djokkker raises 60 to 120
sabre_laser folds
AAddict39 folds
mamdvapary folds
x_romanox67 folds
denis6266 calls 120
zedbez folds
berbere14000 calls 60
*** FLOP *** [4c Qh 3s]
berbere14000 checks
djokkker checks
denis6266 bets 390
berbere14000 folds
djokkker folds
denis6266 collected 780 from pot
*** SUMMARY ***
Total pot 780 | No rake
Board: [4c Qh 3s]
Seat 9: denis6266 (button) won 780


Winamax Poker - Tournament "Double or Nothing" buyIn: 0,46€ + 0,04€ level: 4 - HandId: #458798478257029121-14-1421360830 - Holdem no limit (40/80) - 2015/01/15 22:27:10 UTC
Table: 'Double or Nothing(106822345)#0' 10-max (real money) Seat #1 is the button
Seat 1: zedbez (1495)
Seat 2: berbere14000 (1480)
Seat 3: Prokiller59 (1450)
Seat 4: djokkker (1575)
Seat 5: sabre_laser (1530)
Seat 6: AAddict39 (1210)
Seat 7: mamdvapary (1410)
Seat 8: x_romanox67 (1400)
Seat 9: denis6266 (3450)
*** ANTE/BLINDS ***
berbere14000 posts small blind 40
Prokiller59 posts big blind 80
Dealt to sabre_laser [Kd 4s]
*** PRE-FLOP *** 
djokkker folds
sabre_laser folds
AAddict39 folds
mamdvapary folds
x_romanox67 folds
denis6266 folds
zedbez folds
berbere14000 calls 40
Prokiller59 checks
*** FLOP *** [8h 6h 2h]
berbere14000 bets 80
Prokiller59 folds
berbere14000 collected 240 from pot
*** SUMMARY ***
Total pot 240 | No rake
Board: [8h 6h 2h]
Seat 2: berbere14000 (small blind) won 240


Winamax Poker - Tournament "Double or Nothing" buyIn: 0,46€ + 0,04€ level: 4 - HandId: #458798478257029121-15-1421360866 - Holdem no limit (40/80) - 2015/01/15 22:27:46 UTC
Table: 'Double or Nothing(106822345)#0' 10-max (real money) Seat #2 is the button
Seat 1: zedbez (1495)
Seat 2: berbere14000 (1560)
Seat 3: Prokiller59 (1370)
Seat 4: djokkker (1575)
Seat 5: sabre_laser (1530)
Seat 6: AAddict39 (1210)
Seat 7: mamdvapary (1410)
Seat 8: x_romanox67 (1400)
Seat 9: denis6266 (3450)
*** ANTE/BLINDS ***
Prokiller59 posts small blind 40
djokkker posts big blind 80
Dealt to sabre_laser [9d Ah]
*** PRE-FLOP *** 
sabre_laser folds
AAddict39 folds
mamdvapary folds
x_romanox67 raises 159 to 239
denis6266 raises 3211 to 3450 and is all-in
zedbez calls 1495 and is all-in
berbere14000 folds
Prokiller59 folds
djokkker folds
x_romanox67 folds
*** FLOP *** [5h 5c Qd]
*** TURN *** [5h 5c Qd][7s]
*** RIVER *** [5h 5c Qd 7s][Qs]
*** SHOW DOWN ***
zedbez shows [Kd Kc] (Two pairs : Kings and Queens)
denis6266 shows [Qh As] (Full of Queens and 5)
denis6266 collected 5304 from pot
*** SUMMARY ***
Total pot 5304 | No rake
Board: [5h 5c Qd 7s Qs]
Seat 1: zedbez showed [Kd Kc] and lost with Two pairs : Kings and Queens
Seat 9: denis6266 showed [Qh As] and won 5304 with Full of Queens and 5


Winamax Poker - Tournament "Double or Nothing" buyIn: 0,46€ + 0,04€ level: 4 - HandId: #458798478257029121-16-1421360922 - Holdem no limit (40/80) - 2015/01/15 22:28:42 UTC
Table: 'Double or Nothing(106822345)#0' 10-max (real money) Seat #3 is the button
Seat 2: berbere14000 (1560)
Seat 3: Prokiller59 (1330)
Seat 4: djokkker (1495)
Seat 5: sabre_laser (1530)
Seat 6: AAddict39 (1210)
Seat 7: mamdvapary (1410)
Seat 8: x_romanox67 (1161)
Seat 9: denis6266 (5304)
*** ANTE/BLINDS ***
djokkker posts small blind 40
sabre_laser posts big blind 80
Dealt to sabre_laser [6s 4d]
*** PRE-FLOP *** 
AAddict39 folds
mamdvapary folds
x_romanox67 folds
denis6266 folds
berbere14000 folds
Prokiller59 folds
djokkker calls 40
sabre_laser checks
*** FLOP *** [2s Qd 3d]
djokkker checks
sabre_laser bets 160
djokkker folds
sabre_laser collected 320 from pot
*** SUMMARY ***
Total pot 320 | No rake
Board: [2s Qd 3d]
Seat 5: sabre_laser (big blind) won 320


Winamax Poker - Tournament "Double or Nothing" buyIn: 0,46€ + 0,04€ level: 5 - HandId: #458798478257029121-17-1421360968 - Holdem no limit (60/120) - 2015/01/15 22:29:28 UTC
Table: 'Double or Nothing(106822345)#0' 10-max (real money) Seat #4 is the button
Seat 2: berbere14000 (1560)
Seat 3: Prokiller59 (1330)
Seat 4: djokkker (1415)
Seat 5: sabre_laser (1610)
Seat 6: AAddict39 (1210)
Seat 7: mamdvapary (1410)
Seat 8: x_romanox67 (1161)
Seat 9: denis6266 (5304)
*** ANTE/BLINDS ***
sabre_laser posts small blind 60
AAddict39 posts big blind 120
Dealt to sabre_laser [6h Jh]
*** PRE-FLOP *** 
mamdvapary folds
x_romanox67 raises 1041 to 1161 and is all-in
denis6266 folds
berbere14000 folds
Prokiller59 folds
djokkker folds
sabre_laser folds
AAddict39 folds
x_romanox67 collected 1341 from pot
*** SUMMARY ***
Total pot 1341 | No rake
Seat 8: x_romanox67 won 1341


Winamax Poker - Tournament "Double or Nothing" buyIn: 0,46€ + 0,04€ level: 5 - HandId: #458798478257029121-18-1421360999 - Holdem no limit (60/120) - 2015/01/15 22:29:59 UTC
Table: 'Double or Nothing(106822345)#0' 10-max (real money) Seat #5 is the button
Seat 2: berbere14000 (1560)
Seat 3: Prokiller59 (1330)
Seat 4: djokkker (1415)
Seat 5: sabre_laser (1550)
Seat 6: AAddict39 (1090)
Seat 7: mamdvapary (1410)
Seat 8: x_romanox67 (1341)
Seat 9: denis6266 (5304)
*** ANTE/BLINDS ***
AAddict39 posts small blind 60
mamdvapary posts big blind 120
Dealt to sabre_laser [Ks Jd]
*** PRE-FLOP *** 
x_romanox67 folds
denis6266 folds
berbere14000 folds
Prokiller59 folds
djokkker folds
sabre_laser raises 120 to 240
AAddict39 folds
mamdvapary folds
sabre_laser collected 420 from pot
*** SUMMARY ***
Total pot 420 | No rake
Seat 5: sabre_laser (button) won 420


Winamax Poker - Tournament "Double or Nothing" buyIn: 0,46€ + 0,04€ level: 5 - HandId: #458798478257029121-19-1421361041 - Holdem no limit (60/120) - 2015/01/15 22:30:41 UTC
Table: 'Double or Nothing(106822345)#0' 10-max (real money) Seat #6 is the button
Seat 2: berbere14000 (1560)
Seat 3: Prokiller59 (1330)
Seat 4: djokkker (1415)
Seat 5: sabre_laser (1730)
Seat 6: AAddict39 (1030)
Seat 7: mamdvapary (1290)
Seat 8: x_romanox67 (1341)
Seat 9: denis6266 (5304)
*** ANTE/BLINDS ***
mamdvapary posts small blind 60
x_romanox67 posts big blind 120
Dealt to sabre_laser [3d Kd]
*** PRE-FLOP *** 
denis6266 folds
berbere14000 raises 1440 to 1560 and is all-in
Prokiller59 folds
djokkker folds
sabre_laser folds
AAddict39 folds
mamdvapary folds
x_romanox67 folds
berbere14000 collected 1740 from pot
*** SUMMARY ***
Total pot 1740 | No rake
Seat 2: berbere14000 won 1740


Winamax Poker - Tournament "Double or Nothing" buyIn: 0,46€ + 0,04€ level: 5 - HandId: #458798478257029121-20-1421361061 - Holdem no limit (60/120) - 2015/01/15 22:31:01 UTC
Table: 'Double or Nothing(106822345)#0' 10-max (real money) Seat #7 is the button
Seat 2: berbere14000 (1740)
Seat 3: Prokiller59 (1330)
Seat 4: djokkker (1415)
Seat 5: sabre_laser (1730)
Seat 6: AAddict39 (1030)
Seat 7: mamdvapary (1230)
Seat 8: x_romanox67 (1221)
Seat 9: denis6266 (5304)
*** ANTE/BLINDS ***
x_romanox67 posts small blind 60
denis6266 posts big blind 120
Dealt to sabre_laser [Ac 6d]
*** PRE-FLOP *** 
berbere14000 folds
Prokiller59 folds
djokkker folds
sabre_laser folds
AAddict39 folds
mamdvapary folds
x_romanox67 raises 1101 to 1221 and is all-in
denis6266 folds
x_romanox67 collected 1341 from pot
*** SUMMARY ***
Total pot 1341 | No rake
Seat 8: x_romanox67 (small blind) won 1341


Winamax Poker - Tournament "Double or Nothing" buyIn: 0,46€ + 0,04€ level: 5 - HandId: #458798478257029121-21-1421361097 - Holdem no limit (60/120) - 2015/01/15 22:31:37 UTC
Table: 'Double or Nothing(106822345)#0' 10-max (real money) Seat #8 is the button
Seat 2: berbere14000 (1740)
Seat 3: Prokiller59 (1330)
Seat 4: djokkker (1415)
Seat 5: sabre_laser (1730)
Seat 6: AAddict39 (1030)
Seat 7: mamdvapary (1230)
Seat 8: x_romanox67 (1341)
Seat 9: denis6266 (5184)
*** ANTE/BLINDS ***
denis6266 posts small blind 60
berbere14000 posts big blind 120
Dealt to sabre_laser [2h 6h]
*** PRE-FLOP *** 
Prokiller59 folds
djokkker folds
sabre_laser folds
AAddict39 folds
mamdvapary folds
x_romanox67 folds
denis6266 folds
berbere14000 collected 180 from pot
*** SUMMARY ***
Total pot 180 | No rake
Seat 2: berbere14000 (big blind) won 180


Winamax Poker - Tournament "Double or Nothing" buyIn: 0,46€ + 0,04€ level: 5 - HandId: #458798478257029121-22-1421361124 - Holdem no limit (60/120) - 2015/01/15 22:32:04 UTC
Table: 'Double or Nothing(106822345)#0' 10-max (real money) Seat #9 is the button
Seat 2: berbere14000 (1800)
Seat 3: Prokiller59 (1330)
Seat 4: djokkker (1415)
Seat 5: sabre_laser (1730)
Seat 6: AAddict39 (1030)
Seat 7: mamdvapary (1230)
Seat 8: x_romanox67 (1341)
Seat 9: denis6266 (5124)
*** ANTE/BLINDS ***
berbere14000 posts small blind 60
Prokiller59 posts big blind 120
Dealt to sabre_laser [9h 7d]
*** PRE-FLOP *** 
djokkker folds
sabre_laser folds
AAddict39 folds
mamdvapary folds
x_romanox67 folds
denis6266 raises 120 to 240
berbere14000 raises 1560 to 1800 and is all-in
Prokiller59 folds
denis6266 calls 1560
*** FLOP *** [4s Th 8c]
*** TURN *** [4s Th 8c][6c]
*** RIVER *** [4s Th 8c 6c][8s]
*** SHOW DOWN ***
berbere14000 shows [Qd Kh] (One pair : 8)
denis6266 shows [Tc Td] (Full of Tens and 8)
denis6266 collected 3720 from pot
*** SUMMARY ***
Total pot 3720 | No rake
Board: [4s Th 8c 6c 8s]
Seat 2: berbere14000 (small blind) showed [Qd Kh] and lost with One pair : 8
Seat 9: denis6266 (button) showed [Tc Td] and won 3720 with Full of Tens and 8


Winamax Poker - Tournament "Double or Nothing" buyIn: 0,46€ + 0,04€ level: 6 - HandId: #458798478257029121-23-1421361174 - Holdem no limit (80/160) - 2015/01/15 22:32:54 UTC
Table: 'Double or Nothing(106822345)#0' 10-max (real money) Seat #2 is the button
Seat 3: Prokiller59 (1210)
Seat 4: djokkker (1415)
Seat 5: sabre_laser (1730)
Seat 6: AAddict39 (1030)
Seat 7: mamdvapary (1230)
Seat 8: x_romanox67 (1341)
Seat 9: denis6266 (7044)
*** ANTE/BLINDS ***
Prokiller59 posts small blind 80
djokkker posts big blind 160
Dealt to sabre_laser [3s Jd]
*** PRE-FLOP *** 
sabre_laser folds
AAddict39 raises 870 to 1030 and is all-in
mamdvapary folds
x_romanox67 folds
denis6266 folds
Prokiller59 folds
djokkker folds
AAddict39 collected 1270 from pot
*** SUMMARY ***
Total pot 1270 | No rake
Seat 6: AAddict39 won 1270


Winamax Poker - Tournament "Double or Nothing" buyIn: 0,46€ + 0,04€ level: 6 - HandId: #458798478257029121-24-1421361204 - Holdem no limit (80/160) - 2015/01/15 22:33:24 UTC
Table: 'Double or Nothing(106822345)#0' 10-max (real money) Seat #3 is the button
Seat 3: Prokiller59 (1130)
Seat 4: djokkker (1255)
Seat 5: sabre_laser (1730)
Seat 6: AAddict39 (1270)
Seat 7: mamdvapary (1230)
Seat 8: x_romanox67 (1341)
Seat 9: denis6266 (7044)
*** ANTE/BLINDS ***
djokkker posts small blind 80
sabre_laser posts big blind 160
Dealt to sabre_laser [8h 2c]
*** PRE-FLOP *** 
AAddict39 folds
mamdvapary folds
x_romanox67 raises 1181 to 1341 and is all-in
denis6266 folds
Prokiller59 folds
djokkker folds
sabre_laser folds
x_romanox67 collected 1581 from pot
*** SUMMARY ***
Total pot 1581 | No rake
Seat 8: x_romanox67 won 1581


Winamax Poker - Tournament "Double or Nothing" buyIn: 0,46€ + 0,04€ level: 6 - HandId: #458798478257029121-25-1421361228 - Holdem no limit (80/160) - 2015/01/15 22:33:48 UTC
Table: 'Double or Nothing(106822345)#0' 10-max (real money) Seat #4 is the button
Seat 3: Prokiller59 (1130)
Seat 4: djokkker (1175)
Seat 5: sabre_laser (1570)
Seat 6: AAddict39 (1270)
Seat 7: mamdvapary (1230)
Seat 8: x_romanox67 (1581)
Seat 9: denis6266 (7044)
*** ANTE/BLINDS ***
sabre_laser posts small blind 80
AAddict39 posts big blind 160
Dealt to sabre_laser [Jc 2c]
*** PRE-FLOP *** 
mamdvapary folds
x_romanox67 raises 1421 to 1581 and is all-in
denis6266 folds
Prokiller59 folds
djokkker folds
sabre_laser folds
AAddict39 folds
x_romanox67 collected 1821 from pot
*** SUMMARY ***
Total pot 1821 | No rake
Seat 8: x_romanox67 won 1821


Winamax Poker - Tournament "Double or Nothing" buyIn: 0,46€ + 0,04€ level: 6 - HandId: #458798478257029121-26-1421361251 - Holdem no limit (80/160) - 2015/01/15 22:34:11 UTC
Table: 'Double or Nothing(106822345)#0' 10-max (real money) Seat #5 is the button
Seat 3: Prokiller59 (1130)
Seat 4: djokkker (1175)
Seat 5: sabre_laser (1490)
Seat 6: AAddict39 (1110)
Seat 7: mamdvapary (1230)
Seat 8: x_romanox67 (1821)
Seat 9: denis6266 (7044)
*** ANTE/BLINDS ***
AAddict39 posts small blind 80
mamdvapary posts big blind 160
Dealt to sabre_laser [9d 5h]
*** PRE-FLOP *** 
x_romanox67 raises 1661 to 1821 and is all-in
denis6266 folds
Prokiller59 folds
djokkker folds
sabre_laser folds
AAddict39 folds
mamdvapary folds
x_romanox67 collected 2061 from pot
*** SUMMARY ***
Total pot 2061 | No rake
Seat 8: x_romanox67 won 2061


Winamax Poker - Tournament "Double or Nothing" buyIn: 0,46€ + 0,04€ level: 6 - HandId: #458798478257029121-27-1421361284 - Holdem no limit (80/160) - 2015/01/15 22:34:44 UTC
Table: 'Double or Nothing(106822345)#0' 10-max (real money) Seat #6 is the button
Seat 3: Prokiller59 (1130)
Seat 4: djokkker (1175)
Seat 5: sabre_laser (1490)
Seat 6: AAddict39 (1030)
Seat 7: mamdvapary (1070)
Seat 8: x_romanox67 (2061)
Seat 9: denis6266 (7044)
*** ANTE/BLINDS ***
mamdvapary posts small blind 80
x_romanox67 posts big blind 160
Dealt to sabre_laser [3d Ac]
*** PRE-FLOP *** 
denis6266 folds
Prokiller59 folds
djokkker folds
sabre_laser folds
AAddict39 folds
mamdvapary raises 910 to 1070 and is all-in
x_romanox67 folds
mamdvapary collected 1230 from pot
*** SUMMARY ***
Total pot 1230 | No rake
Seat 7: mamdvapary (small blind) won 1230


Winamax Poker - Tournament "Double or Nothing" buyIn: 0,46€ + 0,04€ level: 6 - HandId: #458798478257029121-28-1421361308 - Holdem no limit (80/160) - 2015/01/15 22:35:08 UTC
Table: 'Double or Nothing(106822345)#0' 10-max (real money) Seat #7 is the button
Seat 3: Prokiller59 (1130)
Seat 4: djokkker (1175)
Seat 5: sabre_laser (1490)
Seat 6: AAddict39 (1030)
Seat 7: mamdvapary (1230)
Seat 8: x_romanox67 (1901)
Seat 9: denis6266 (7044)
*** ANTE/BLINDS ***
x_romanox67 posts small blind 80
denis6266 posts big blind 160
Dealt to sabre_laser [9c Ah]
*** PRE-FLOP *** 
Prokiller59 folds
djokkker folds
sabre_laser folds
AAddict39 folds
mamdvapary folds
x_romanox67 folds
denis6266 collected 240 from pot
*** SUMMARY ***
Total pot 240 | No rake
Seat 9: denis6266 (big blind) won 240


Winamax Poker - Tournament "Double or Nothing" buyIn: 0,46€ + 0,04€ level: 7 - HandId: #458798478257029121-29-1421361332 - Holdem no limit (10/100/200) - 2015/01/15 22:35:32 UTC
Table: 'Double or Nothing(106822345)#0' 10-max (real money) Seat #8 is the button
Seat 3: Prokiller59 (1130)
Seat 4: djokkker (1175)
Seat 5: sabre_laser (1490)
Seat 6: AAddict39 (1030)
Seat 7: mamdvapary (1230)
Seat 8: x_romanox67 (1821)
Seat 9: denis6266 (7124)
*** ANTE/BLINDS ***
denis6266 posts ante 10
Prokiller59 posts ante 10
djokkker posts ante 10
sabre_laser posts ante 10
AAddict39 posts ante 10
mamdvapary posts ante 10
x_romanox67 posts ante 10
denis6266 posts small blind 100
Prokiller59 posts big blind 200
Dealt to sabre_laser [Td 2c]
*** PRE-FLOP *** 
djokkker folds
sabre_laser folds
AAddict39 folds
mamdvapary folds
x_romanox67 raises 340 to 540
denis6266 raises 6574 to 7114 and is all-in
Prokiller59 folds
x_romanox67 calls 1271 and is all-in
*** FLOP *** [2s 8h Ac]
*** TURN *** [2s 8h Ac][5d]
*** RIVER *** [2s 8h Ac 5d][Ks]
*** SHOW DOWN ***
x_romanox67 shows [6s 6h] (One pair : 6)
denis6266 shows [Ad Th] (One pair : Aces)
denis6266 collected 9195 from pot
*** SUMMARY ***
Total pot 9195 | No rake
Board: [2s 8h Ac 5d Ks]
Seat 8: x_romanox67 (button) showed [6s 6h] and lost with One pair : 6
Seat 9: denis6266 (small blind) showed [Ad Th] and won 9195 with One pair : Aces


Winamax Poker - Tournament "Double or Nothing" buyIn: 0,46€ + 0,04€ level: 7 - HandId: #458798478257029121-30-1421361381 - Holdem no limit (10/100/200) - 2015/01/15 22:36:21 UTC
Table: 'Double or Nothing(106822345)#0' 10-max (real money) Seat #9 is the button
Seat 3: Prokiller59 (920)
Seat 4: djokkker (1165)
Seat 5: sabre_laser (1480)
Seat 6: AAddict39 (1020)
Seat 7: mamdvapary (1220)
Seat 9: denis6266 (9195)
*** ANTE/BLINDS ***
Prokiller59 posts ante 10
djokkker posts ante 10
sabre_laser posts ante 10
AAddict39 posts ante 10
mamdvapary posts ante 10
denis6266 posts ante 10
Prokiller59 posts small blind 100
djokkker posts big blind 200
Dealt to sabre_laser [4h 9h]
*** PRE-FLOP *** 
sabre_laser folds
AAddict39 raises 810 to 1010 and is all-in
mamdvapary folds
denis6266 folds
Prokiller59 folds
djokkker folds
AAddict39 collected 1370 from pot
*** SUMMARY ***
Total pot 1370 | No rake
Seat 6: AAddict39 won 1370


Winamax Poker - Tournament "Double or Nothing" buyIn: 0,46€ + 0,04€ level: 7 - HandId: #458798478257029121-31-1421361401 - Holdem no limit (10/100/200) - 2015/01/15 22:36:41 UTC
Table: 'Double or Nothing(106822345)#0' 10-max (real money) Seat #3 is the button
Seat 3: Prokiller59 (810)
Seat 4: djokkker (955)
Seat 5: sabre_laser (1470)
Seat 6: AAddict39 (1370)
Seat 7: mamdvapary (1210)
Seat 9: denis6266 (9185)
*** ANTE/BLINDS ***
djokkker posts ante 10
sabre_laser posts ante 10
Prokiller59 posts ante 10
AAddict39 posts ante 10
mamdvapary posts ante 10
denis6266 posts ante 10
djokkker posts small blind 100
sabre_laser posts big blind 200
Dealt to sabre_laser [Ac 8s]
*** PRE-FLOP *** 
AAddict39 folds
mamdvapary folds
denis6266 folds
Prokiller59 raises 600 to 800 and is all-in
djokkker calls 700
sabre_laser folds
*** FLOP *** [3h 7d 2h]
*** TURN *** [3h 7d 2h][7s]
*** RIVER *** [3h 7d 2h 7s][Jh]
*** SHOW DOWN ***
djokkker shows [Qc Kd] (One pair : 7)
Prokiller59 shows [5d As] (One pair : 7)
Prokiller59 collected 1860 from pot
*** SUMMARY ***
Total pot 1860 | No rake
Board: [3h 7d 2h 7s Jh]
Seat 3: Prokiller59 (button) showed [5d As] and won 1860 with One pair : 7
Seat 4: djokkker (small blind) showed [Qc Kd] and lost with One pair : 7


Winamax Poker - Tournament "Double or Nothing" buyIn: 0,46€ + 0,04€ level: 7 - HandId: #458798478257029121-32-1421361452 - Holdem no limit (10/100/200) - 2015/01/15 22:37:32 UTC
Table: 'Double or Nothing(106822345)#0' 10-max (real money) Seat #4 is the button
Seat 3: Prokiller59 (1860)
Seat 4: djokkker (145)
Seat 5: sabre_laser (1260)
Seat 6: AAddict39 (1360)
Seat 7: mamdvapary (1200)
Seat 9: denis6266 (9175)
*** ANTE/BLINDS ***
sabre_laser posts ante 10
AAddict39 posts ante 10
Prokiller59 posts ante 10
djokkker posts ante 10
mamdvapary posts ante 10
denis6266 posts ante 10
sabre_laser posts small blind 100
AAddict39 posts big blind 200
Dealt to sabre_laser [6h 4h]
*** PRE-FLOP *** 
mamdvapary folds
denis6266 folds
Prokiller59 folds
djokkker calls 135 and is all-in
sabre_laser calls 100
AAddict39 checks
*** FLOP *** [Ac 9d 5d]
sabre_laser checks
AAddict39 checks
*** TURN *** [Ac 9d 5d][5s]
sabre_laser checks
AAddict39 checks
*** RIVER *** [Ac 9d 5d 5s][Td]
sabre_laser checks
AAddict39 checks
*** SHOW DOWN ***
sabre_laser shows [6h 4h] (One pair : 5)
djokkker shows [Ts 9c] (Two pairs : Tens and 9)
AAddict39 shows [8c Jd] (One pair : 5)
AAddict39 collected 130 from side pot 1
djokkker collected 465 from main pot
*** SUMMARY ***
Total pot 595 | No rake
Board: [Ac 9d 5d 5s Td]
Seat 4: djokkker (button) showed [Ts 9c] and won 465 with Two pairs : Tens and 9
Seat 5: sabre_laser (small blind) showed [6h 4h] and lost with One pair : 5
Seat 6: AAddict39 (big blind) showed [8c Jd] and won 130 with One pair : 5


Winamax Poker - Tournament "Double or Nothing" buyIn: 0,46€ + 0,04€ level: 7 - HandId: #458798478257029121-33-1421361481 - Holdem no limit (10/100/200) - 2015/01/15 22:38:01 UTC
Table: 'Double or Nothing(106822345)#0' 10-max (real money) Seat #5 is the button
Seat 3: Prokiller59 (1850)
Seat 4: djokkker (465)
Seat 5: sabre_laser (1050)
Seat 6: AAddict39 (1280)
Seat 7: mamdvapary (1190)
Seat 9: denis6266 (9165)
*** ANTE/BLINDS ***
AAddict39 posts ante 10
mamdvapary posts ante 10
Prokiller59 posts ante 10
djokkker posts ante 10
sabre_laser posts ante 10
denis6266 posts ante 10
AAddict39 posts small blind 100
mamdvapary posts big blind 200
Dealt to sabre_laser [5c 2c]
*** PRE-FLOP *** 
denis6266 folds
Prokiller59 folds
djokkker raises 255 to 455 and is all-in
sabre_laser folds
AAddict39 folds
mamdvapary calls 255
*** FLOP *** [Ad Kd Jc]
*** TURN *** [Ad Kd Jc][Th]
*** RIVER *** [Ad Kd Jc Th][Jh]
*** SHOW DOWN ***
djokkker shows [As 3d] (Two pairs : Aces and Jacks)
mamdvapary shows [9c Qh] (Straight Ace high)
mamdvapary collected 1070 from pot
*** SUMMARY ***
Total pot 1070 | No rake
Board: [Ad Kd Jc Th Jh]
Seat 4: djokkker showed [As 3d] and lost with Two pairs : Aces and Jacks
Seat 7: mamdvapary (big blind) showed [9c Qh] and won 1070 with Straight Ace high


