Winamax Poker - Tournament "Double or Nothing" buyIn: 0,46€ + 0,04€ level: 0 - HandId: #540675561534521345-1-1438028699 - Holdem no limit (10/20) - 2015/07/27 20:24:59 UTC
Table: 'Double or Nothing(125885839)#0' 10-max (real money) Seat #3 is the button
Seat 1: ratostyle (1500)
Seat 2: SixMonth (1500)
Seat 3: santana666 (1500)
Seat 4: oukahou (1500)
Seat 5: capitaine56 (1500)
Seat 6: Crisssis (1500)
Seat 7: sabre_laser (1500)
Seat 8: Angel4Life (1500)
Seat 9: christobal03 (1500)
Seat 10: Tamata40 (1500)
*** ANTE/BLINDS ***
oukahou posts small blind 10
capitaine56 posts big blind 20
Dealt to sabre_laser [Ah Js]
*** PRE-FLOP *** 
Crisssis folds
sabre_laser raises 30 to 50
Angel4Life folds
christobal03 raises 1450 to 1500 and is all-in
Tamata40 folds
ratostyle folds
SixMonth folds
santana666 folds
oukahou folds
capitaine56 folds
sabre_laser calls 1450 and is all-in
*** FLOP *** [5h Ad 6d]
*** TURN *** [5h Ad 6d][2d]
*** RIVER *** [5h Ad 6d 2d][Td]
*** SHOW DOWN ***
christobal03 shows [4s Ks] (High card : Ace)
sabre_laser shows [Ah Js] (One pair : Aces)
sabre_laser collected 3030 from pot
*** SUMMARY ***
Total pot 3030 | No rake
Board: [5h Ad 6d 2d Td]
Seat 7: sabre_laser showed [Ah Js] and won 3030 with One pair : Aces
Seat 9: christobal03 showed [4s Ks] and lost with High card : Ace


Winamax Poker - Tournament "Double or Nothing" buyIn: 0,46€ + 0,04€ level: 0 - HandId: #540675561534521345-2-1438028751 - Holdem no limit (10/20) - 2015/07/27 20:25:51 UTC
Table: 'Double or Nothing(125885839)#0' 10-max (real money) Seat #4 is the button
Seat 1: ratostyle (1500)
Seat 2: SixMonth (1500)
Seat 3: santana666 (1500)
Seat 4: oukahou (1490)
Seat 5: capitaine56 (1480)
Seat 6: Crisssis (1500)
Seat 7: sabre_laser (3030)
Seat 8: Angel4Life (1500)
Seat 10: Tamata40 (1500)
*** ANTE/BLINDS ***
capitaine56 posts small blind 10
Crisssis posts big blind 20
Dealt to sabre_laser [4c 4h]
*** PRE-FLOP *** 
sabre_laser folds
Angel4Life calls 20
Tamata40 folds
ratostyle folds
SixMonth raises 60 to 80
santana666 raises 210 to 290
oukahou folds
capitaine56 folds
Crisssis folds
Angel4Life calls 270
SixMonth folds
*** FLOP *** [3c Jd 9h]
Angel4Life checks
santana666 bets 1210 and is all-in
Angel4Life folds
santana666 collected 1900 from pot
*** SUMMARY ***
Total pot 1900 | No rake
Board: [3c Jd 9h]
Seat 3: santana666 won 1900


Winamax Poker - Tournament "Double or Nothing" buyIn: 0,46€ + 0,04€ level: 0 - HandId: #540675561534521345-3-1438028804 - Holdem no limit (10/20) - 2015/07/27 20:26:44 UTC
Table: 'Double or Nothing(125885839)#0' 10-max (real money) Seat #5 is the button
Seat 1: ratostyle (1500)
Seat 2: SixMonth (1420)
Seat 3: santana666 (1900)
Seat 4: oukahou (1490)
Seat 5: capitaine56 (1470)
Seat 6: Crisssis (1480)
Seat 7: sabre_laser (3030)
Seat 8: Angel4Life (1210)
Seat 10: Tamata40 (1500)
*** ANTE/BLINDS ***
Crisssis posts small blind 10
sabre_laser posts big blind 20
Dealt to sabre_laser [9d Td]
*** PRE-FLOP *** 
Angel4Life folds
Tamata40 folds
ratostyle folds
SixMonth folds
santana666 folds
oukahou calls 20
capitaine56 calls 20
Crisssis folds
sabre_laser checks
*** FLOP *** [6d 4d 7s]
sabre_laser checks
oukahou checks
capitaine56 checks
*** TURN *** [6d 4d 7s][3s]
sabre_laser checks
oukahou checks
capitaine56 checks
*** RIVER *** [6d 4d 7s 3s][Qs]
sabre_laser checks
oukahou checks
capitaine56 checks
*** SHOW DOWN ***
capitaine56 shows [Jh Ad] (High card : Ace)
sabre_laser shows [9d Td] (High card : Queen)
oukahou shows [Kh Ah] (High card : Ace)
oukahou collected 70 from pot
*** SUMMARY ***
Total pot 70 | No rake
Board: [6d 4d 7s 3s Qs]
Seat 4: oukahou showed [Kh Ah] and won 70 with High card : Ace
Seat 5: capitaine56 (button) showed [Jh Ad] and lost with High card : Ace
Seat 7: sabre_laser (big blind) showed [9d Td] and lost with High card : Queen


Winamax Poker - Tournament "Double or Nothing" buyIn: 0,46€ + 0,04€ level: 0 - HandId: #540675561534521345-4-1438028842 - Holdem no limit (10/20) - 2015/07/27 20:27:22 UTC
Table: 'Double or Nothing(125885839)#0' 10-max (real money) Seat #6 is the button
Seat 1: ratostyle (1500)
Seat 2: SixMonth (1420)
Seat 3: santana666 (1900)
Seat 4: oukahou (1540)
Seat 5: capitaine56 (1450)
Seat 6: Crisssis (1470)
Seat 7: sabre_laser (3010)
Seat 8: Angel4Life (1210)
Seat 10: Tamata40 (1500)
*** ANTE/BLINDS ***
sabre_laser posts small blind 10
Angel4Life posts big blind 20
Dealt to sabre_laser [9h Qc]
*** PRE-FLOP *** 
Tamata40 folds
ratostyle folds
SixMonth folds
santana666 calls 20
oukahou folds
capitaine56 folds
Crisssis folds
sabre_laser folds
Angel4Life checks
*** FLOP *** [2h 4s 5s]
Angel4Life checks
santana666 checks
*** TURN *** [2h 4s 5s][As]
Angel4Life checks
santana666 checks
*** RIVER *** [2h 4s 5s As][6h]
Angel4Life bets 1190 and is all-in
santana666 folds
Angel4Life shows [9s 3s] (Flush Ace high)
Angel4Life collected 1240 from pot
*** SUMMARY ***
Total pot 1240 | No rake
Board: [2h 4s 5s As 6h]
Seat 8: Angel4Life (big blind) showed [9s 3s] and won 1240 with Flush Ace high


Winamax Poker - Tournament "Double or Nothing" buyIn: 0,46€ + 0,04€ level: 1 - HandId: #540675561534521345-5-1438028883 - Holdem no limit (15/30) - 2015/07/27 20:28:03 UTC
Table: 'Double or Nothing(125885839)#0' 10-max (real money) Seat #7 is the button
Seat 1: ratostyle (1500)
Seat 2: SixMonth (1420)
Seat 3: santana666 (1880)
Seat 4: oukahou (1540)
Seat 5: capitaine56 (1450)
Seat 6: Crisssis (1470)
Seat 7: sabre_laser (3000)
Seat 8: Angel4Life (1240)
Seat 10: Tamata40 (1500)
*** ANTE/BLINDS ***
Angel4Life posts small blind 15
Tamata40 posts big blind 30
Dealt to sabre_laser [Ks 7d]
*** PRE-FLOP *** 
ratostyle folds
SixMonth folds
santana666 folds
oukahou folds
capitaine56 folds
Crisssis folds
sabre_laser raises 60 to 90
Angel4Life folds
Tamata40 folds
sabre_laser collected 135 from pot
*** SUMMARY ***
Total pot 135 | No rake
Seat 7: sabre_laser (button) won 135


Winamax Poker - Tournament "Double or Nothing" buyIn: 0,46€ + 0,04€ level: 1 - HandId: #540675561534521345-6-1438028903 - Holdem no limit (15/30) - 2015/07/27 20:28:23 UTC
Table: 'Double or Nothing(125885839)#0' 10-max (real money) Seat #8 is the button
Seat 1: ratostyle (1500)
Seat 2: SixMonth (1420)
Seat 3: santana666 (1880)
Seat 4: oukahou (1540)
Seat 5: capitaine56 (1450)
Seat 6: Crisssis (1470)
Seat 7: sabre_laser (3045)
Seat 8: Angel4Life (1225)
Seat 10: Tamata40 (1470)
*** ANTE/BLINDS ***
Tamata40 posts small blind 15
ratostyle posts big blind 30
Dealt to sabre_laser [8h 4s]
*** PRE-FLOP *** 
SixMonth folds
santana666 folds
oukahou folds
capitaine56 folds
Crisssis folds
sabre_laser folds
Angel4Life calls 30
Tamata40 folds
ratostyle checks
*** FLOP *** [Kc 5d Jd]
ratostyle checks
Angel4Life checks
*** TURN *** [Kc 5d Jd][9d]
ratostyle checks
Angel4Life bets 675
ratostyle folds
Angel4Life collected 750 from pot
*** SUMMARY ***
Total pot 750 | No rake
Board: [Kc 5d Jd 9d]
Seat 8: Angel4Life (button) won 750


Winamax Poker - Tournament "Double or Nothing" buyIn: 0,46€ + 0,04€ level: 1 - HandId: #540675561534521345-7-1438028940 - Holdem no limit (15/30) - 2015/07/27 20:29:00 UTC
Table: 'Double or Nothing(125885839)#0' 10-max (real money) Seat #10 is the button
Seat 1: ratostyle (1470)
Seat 2: SixMonth (1420)
Seat 3: santana666 (1880)
Seat 4: oukahou (1540)
Seat 5: capitaine56 (1450)
Seat 6: Crisssis (1470)
Seat 7: sabre_laser (3045)
Seat 8: Angel4Life (1270)
Seat 10: Tamata40 (1455)
*** ANTE/BLINDS ***
ratostyle posts small blind 15
SixMonth posts big blind 30
Dealt to sabre_laser [Kc 8s]
*** PRE-FLOP *** 
santana666 folds
oukahou folds
capitaine56 folds
Crisssis folds
sabre_laser folds
Angel4Life folds
Tamata40 folds
ratostyle folds
SixMonth collected 45 from pot
*** SUMMARY ***
Total pot 45 | No rake
Seat 2: SixMonth (big blind) won 45


Winamax Poker - Tournament "Double or Nothing" buyIn: 0,46€ + 0,04€ level: 1 - HandId: #540675561534521345-8-1438028968 - Holdem no limit (15/30) - 2015/07/27 20:29:28 UTC
Table: 'Double or Nothing(125885839)#0' 10-max (real money) Seat #1 is the button
Seat 1: ratostyle (1455)
Seat 2: SixMonth (1435)
Seat 3: santana666 (1880)
Seat 4: oukahou (1540)
Seat 5: capitaine56 (1450)
Seat 6: Crisssis (1470)
Seat 7: sabre_laser (3045)
Seat 8: Angel4Life (1270)
Seat 10: Tamata40 (1455)
*** ANTE/BLINDS ***
SixMonth posts small blind 15
santana666 posts big blind 30
Dealt to sabre_laser [Js 9c]
*** PRE-FLOP *** 
oukahou raises 60 to 90
capitaine56 folds
Crisssis folds
sabre_laser folds
Angel4Life folds
Tamata40 folds
ratostyle folds
SixMonth raises 1345 to 1435 and is all-in
santana666 folds
oukahou folds
SixMonth collected 1555 from pot
*** SUMMARY ***
Total pot 1555 | No rake
Seat 2: SixMonth (small blind) won 1555


Winamax Poker - Tournament "Double or Nothing" buyIn: 0,46€ + 0,04€ level: 1 - HandId: #540675561534521345-9-1438028998 - Holdem no limit (15/30) - 2015/07/27 20:29:58 UTC
Table: 'Double or Nothing(125885839)#0' 10-max (real money) Seat #2 is the button
Seat 1: ratostyle (1455)
Seat 2: SixMonth (1555)
Seat 3: santana666 (1850)
Seat 4: oukahou (1450)
Seat 5: capitaine56 (1450)
Seat 6: Crisssis (1470)
Seat 7: sabre_laser (3045)
Seat 8: Angel4Life (1270)
Seat 10: Tamata40 (1455)
*** ANTE/BLINDS ***
santana666 posts small blind 15
oukahou posts big blind 30
Dealt to sabre_laser [Qh 2d]
*** PRE-FLOP *** 
capitaine56 raises 45 to 75
Crisssis folds
sabre_laser folds
Angel4Life folds
Tamata40 folds
ratostyle folds
SixMonth folds
santana666 folds
oukahou folds
capitaine56 collected 120 from pot
*** SUMMARY ***
Total pot 120 | No rake
Seat 5: capitaine56 won 120


Winamax Poker - Tournament "Double or Nothing" buyIn: 0,46€ + 0,04€ level: 1 - HandId: #540675561534521345-10-1438029013 - Holdem no limit (15/30) - 2015/07/27 20:30:13 UTC
Table: 'Double or Nothing(125885839)#0' 10-max (real money) Seat #3 is the button
Seat 1: ratostyle (1455)
Seat 2: SixMonth (1555)
Seat 3: santana666 (1835)
Seat 4: oukahou (1420)
Seat 5: capitaine56 (1495)
Seat 6: Crisssis (1470)
Seat 7: sabre_laser (3045)
Seat 8: Angel4Life (1270)
Seat 10: Tamata40 (1455)
*** ANTE/BLINDS ***
oukahou posts small blind 15
capitaine56 posts big blind 30
Dealt to sabre_laser [Ah Ks]
*** PRE-FLOP *** 
Crisssis folds
sabre_laser raises 60 to 90
Angel4Life folds
Tamata40 folds
ratostyle folds
SixMonth folds
santana666 folds
oukahou folds
capitaine56 folds
sabre_laser collected 135 from pot
*** SUMMARY ***
Total pot 135 | No rake
Seat 7: sabre_laser won 135


Winamax Poker - Tournament "Double or Nothing" buyIn: 0,46€ + 0,04€ level: 1 - HandId: #540675561534521345-11-1438029037 - Holdem no limit (15/30) - 2015/07/27 20:30:37 UTC
Table: 'Double or Nothing(125885839)#0' 10-max (real money) Seat #4 is the button
Seat 1: ratostyle (1455)
Seat 2: SixMonth (1555)
Seat 3: santana666 (1835)
Seat 4: oukahou (1405)
Seat 5: capitaine56 (1465)
Seat 6: Crisssis (1470)
Seat 7: sabre_laser (3090)
Seat 8: Angel4Life (1270)
Seat 10: Tamata40 (1455)
*** ANTE/BLINDS ***
capitaine56 posts small blind 15
Crisssis posts big blind 30
Dealt to sabre_laser [8s 7d]
*** PRE-FLOP *** 
sabre_laser folds
Angel4Life calls 30
Tamata40 folds
ratostyle folds
SixMonth calls 30
santana666 folds
oukahou folds
capitaine56 folds
Crisssis checks
*** FLOP *** [Js 7c 9h]
Crisssis checks
Angel4Life checks
SixMonth bets 75
Crisssis folds
Angel4Life folds
SixMonth collected 180 from pot
*** SUMMARY ***
Total pot 180 | No rake
Board: [Js 7c 9h]
Seat 2: SixMonth won 180


Winamax Poker - Tournament "Double or Nothing" buyIn: 0,46€ + 0,04€ level: 2 - HandId: #540675561534521345-12-1438029082 - Holdem no limit (20/40) - 2015/07/27 20:31:22 UTC
Table: 'Double or Nothing(125885839)#0' 10-max (real money) Seat #5 is the button
Seat 1: ratostyle (1455)
Seat 2: SixMonth (1630)
Seat 3: santana666 (1835)
Seat 4: oukahou (1405)
Seat 5: capitaine56 (1450)
Seat 6: Crisssis (1440)
Seat 7: sabre_laser (3090)
Seat 8: Angel4Life (1240)
Seat 10: Tamata40 (1455)
*** ANTE/BLINDS ***
Crisssis posts small blind 20
sabre_laser posts big blind 40
Dealt to sabre_laser [3h 6c]
*** PRE-FLOP *** 
Angel4Life folds
Tamata40 folds
ratostyle folds
SixMonth folds
santana666 folds
oukahou folds
capitaine56 folds
Crisssis folds
sabre_laser collected 60 from pot
*** SUMMARY ***
Total pot 60 | No rake
Seat 7: sabre_laser (big blind) won 60


Winamax Poker - Tournament "Double or Nothing" buyIn: 0,46€ + 0,04€ level: 2 - HandId: #540675561534521345-13-1438029110 - Holdem no limit (20/40) - 2015/07/27 20:31:50 UTC
Table: 'Double or Nothing(125885839)#0' 10-max (real money) Seat #6 is the button
Seat 1: ratostyle (1455)
Seat 2: SixMonth (1630)
Seat 3: santana666 (1835)
Seat 4: oukahou (1405)
Seat 5: capitaine56 (1450)
Seat 6: Crisssis (1420)
Seat 7: sabre_laser (3110)
Seat 8: Angel4Life (1240)
Seat 10: Tamata40 (1455)
*** ANTE/BLINDS ***
sabre_laser posts small blind 20
Angel4Life posts big blind 40
Dealt to sabre_laser [3s 8s]
*** PRE-FLOP *** 
Tamata40 folds
ratostyle folds
SixMonth folds
santana666 folds
oukahou folds
capitaine56 folds
Crisssis folds
sabre_laser folds
Angel4Life collected 60 from pot
*** SUMMARY ***
Total pot 60 | No rake
Seat 8: Angel4Life (big blind) won 60


Winamax Poker - Tournament "Double or Nothing" buyIn: 0,46€ + 0,04€ level: 2 - HandId: #540675561534521345-14-1438029131 - Holdem no limit (20/40) - 2015/07/27 20:32:11 UTC
Table: 'Double or Nothing(125885839)#0' 10-max (real money) Seat #7 is the button
Seat 1: ratostyle (1455)
Seat 2: SixMonth (1630)
Seat 3: santana666 (1835)
Seat 4: oukahou (1405)
Seat 5: capitaine56 (1450)
Seat 6: Crisssis (1420)
Seat 7: sabre_laser (3090)
Seat 8: Angel4Life (1260)
Seat 10: Tamata40 (1455)
*** ANTE/BLINDS ***
Angel4Life posts small blind 20
Tamata40 posts big blind 40
Dealt to sabre_laser [5d 5c]
*** PRE-FLOP *** 
ratostyle folds
SixMonth raises 55 to 95
santana666 folds
oukahou folds
capitaine56 folds
Crisssis folds
sabre_laser calls 95
Angel4Life folds
Tamata40 folds
*** FLOP *** [6c Js Qs]
SixMonth checks
sabre_laser bets 250
SixMonth folds
sabre_laser collected 500 from pot
*** SUMMARY ***
Total pot 500 | No rake
Board: [6c Js Qs]
Seat 7: sabre_laser (button) won 500


Winamax Poker - Tournament "Double or Nothing" buyIn: 0,46€ + 0,04€ level: 2 - HandId: #540675561534521345-15-1438029191 - Holdem no limit (20/40) - 2015/07/27 20:33:11 UTC
Table: 'Double or Nothing(125885839)#0' 10-max (real money) Seat #8 is the button
Seat 1: ratostyle (1455)
Seat 2: SixMonth (1535)
Seat 3: santana666 (1835)
Seat 4: oukahou (1405)
Seat 5: capitaine56 (1450)
Seat 6: Crisssis (1420)
Seat 7: sabre_laser (3245)
Seat 8: Angel4Life (1240)
Seat 10: Tamata40 (1415)
*** ANTE/BLINDS ***
Tamata40 posts small blind 20
ratostyle posts big blind 40
Dealt to sabre_laser [2s 2d]
*** PRE-FLOP *** 
SixMonth folds
santana666 calls 40
oukahou folds
capitaine56 folds
Crisssis folds
sabre_laser calls 40
Angel4Life folds
Tamata40 folds
ratostyle checks
*** FLOP *** [Td 6d 9h]
ratostyle checks
santana666 checks
sabre_laser checks
*** TURN *** [Td 6d 9h][Qc]
ratostyle bets 93
santana666 folds
sabre_laser folds
ratostyle collected 233 from pot
*** SUMMARY ***
Total pot 233 | No rake
Board: [Td 6d 9h Qc]
Seat 1: ratostyle (big blind) won 233


Winamax Poker - Tournament "Double or Nothing" buyIn: 0,46€ + 0,04€ level: 3 - HandId: #540675561534521345-16-1438029248 - Holdem no limit (30/60) - 2015/07/27 20:34:08 UTC
Table: 'Double or Nothing(125885839)#0' 10-max (real money) Seat #10 is the button
Seat 1: ratostyle (1555)
Seat 2: SixMonth (1535)
Seat 3: santana666 (1795)
Seat 4: oukahou (1405)
Seat 5: capitaine56 (1450)
Seat 6: Crisssis (1420)
Seat 7: sabre_laser (3205)
Seat 8: Angel4Life (1240)
Seat 10: Tamata40 (1395)
*** ANTE/BLINDS ***
ratostyle posts small blind 30
SixMonth posts big blind 60
Dealt to sabre_laser [4d 7h]
*** PRE-FLOP *** 
santana666 calls 60
oukahou folds
capitaine56 folds
Crisssis folds
sabre_laser folds
Angel4Life calls 60
Tamata40 folds
ratostyle folds
SixMonth checks
*** FLOP *** [Kh 7s 9d]
SixMonth checks
santana666 bets 90
Angel4Life folds
SixMonth raises 120 to 210
santana666 folds
SixMonth collected 510 from pot
*** SUMMARY ***
Total pot 510 | No rake
Board: [Kh 7s 9d]
Seat 2: SixMonth (big blind) won 510


Winamax Poker - Tournament "Double or Nothing" buyIn: 0,46€ + 0,04€ level: 3 - HandId: #540675561534521345-17-1438029318 - Holdem no limit (30/60) - 2015/07/27 20:35:18 UTC
Table: 'Double or Nothing(125885839)#0' 10-max (real money) Seat #1 is the button
Seat 1: ratostyle (1525)
Seat 2: SixMonth (1775)
Seat 3: santana666 (1645)
Seat 4: oukahou (1405)
Seat 5: capitaine56 (1450)
Seat 6: Crisssis (1420)
Seat 7: sabre_laser (3205)
Seat 8: Angel4Life (1180)
Seat 10: Tamata40 (1395)
*** ANTE/BLINDS ***
SixMonth posts small blind 30
santana666 posts big blind 60
Dealt to sabre_laser [Ac 5s]
*** PRE-FLOP *** 
oukahou folds
capitaine56 folds
Crisssis folds
sabre_laser raises 90 to 150
Angel4Life folds
Tamata40 folds
ratostyle folds
SixMonth folds
santana666 folds
sabre_laser collected 240 from pot
*** SUMMARY ***
Total pot 240 | No rake
Seat 7: sabre_laser won 240


Winamax Poker - Tournament "Double or Nothing" buyIn: 0,46€ + 0,04€ level: 3 - HandId: #540675561534521345-18-1438029349 - Holdem no limit (30/60) - 2015/07/27 20:35:49 UTC
Table: 'Double or Nothing(125885839)#0' 10-max (real money) Seat #2 is the button
Seat 1: ratostyle (1525)
Seat 2: SixMonth (1745)
Seat 3: santana666 (1585)
Seat 4: oukahou (1405)
Seat 5: capitaine56 (1450)
Seat 6: Crisssis (1420)
Seat 7: sabre_laser (3295)
Seat 8: Angel4Life (1180)
Seat 10: Tamata40 (1395)
*** ANTE/BLINDS ***
santana666 posts small blind 30
oukahou posts big blind 60
Dealt to sabre_laser [Qs 5c]
*** PRE-FLOP *** 
capitaine56 folds
Crisssis folds
sabre_laser folds
Angel4Life calls 60
Tamata40 folds
ratostyle folds
SixMonth folds
santana666 calls 30
oukahou checks
*** FLOP *** [4h Kc Qc]
santana666 bets 60
oukahou folds
Angel4Life calls 60
*** TURN *** [4h Kc Qc][8d]
santana666 bets 60
Angel4Life raises 60 to 120
santana666 calls 60
*** RIVER *** [4h Kc Qc 8d][5h]
santana666 bets 60
Angel4Life raises 880 to 940 and is all-in
santana666 calls 880
*** SHOW DOWN ***
santana666 shows [Kh 2s] (One pair : Kings)
Angel4Life shows [Ks Jh] (One pair : Kings)
Angel4Life collected 2420 from pot
*** SUMMARY ***
Total pot 2420 | No rake
Board: [4h Kc Qc 8d 5h]
Seat 3: santana666 (small blind) showed [Kh 2s] and lost with One pair : Kings
Seat 8: Angel4Life showed [Ks Jh] and won 2420 with One pair : Kings


Winamax Poker - Tournament "Double or Nothing" buyIn: 0,46€ + 0,04€ level: 3 - HandId: #540675561534521345-19-1438029403 - Holdem no limit (30/60) - 2015/07/27 20:36:43 UTC
Table: 'Double or Nothing(125885839)#0' 10-max (real money) Seat #3 is the button
Seat 1: ratostyle (1525)
Seat 2: SixMonth (1745)
Seat 3: santana666 (405)
Seat 4: oukahou (1345)
Seat 5: capitaine56 (1450)
Seat 6: Crisssis (1420)
Seat 7: sabre_laser (3295)
Seat 8: Angel4Life (2420)
Seat 10: Tamata40 (1395)
*** ANTE/BLINDS ***
oukahou posts small blind 30
capitaine56 posts big blind 60
Dealt to sabre_laser [9c 5s]
*** PRE-FLOP *** 
Crisssis folds
sabre_laser folds
Angel4Life calls 60
Tamata40 folds
ratostyle folds
SixMonth folds
santana666 folds
oukahou calls 30
capitaine56 checks
*** FLOP *** [Ah 2c 9d]
oukahou checks
capitaine56 checks
Angel4Life checks
*** TURN *** [Ah 2c 9d][4d]
oukahou checks
capitaine56 checks
Angel4Life checks
*** RIVER *** [Ah 2c 9d 4d][6c]
oukahou checks
capitaine56 checks
Angel4Life checks
*** SHOW DOWN ***
oukahou shows [Td Ks] (High card : Ace)
Angel4Life shows [Kc Qs] (High card : Ace)
capitaine56 shows [9h 8d] (One pair : 9)
capitaine56 collected 180 from pot
*** SUMMARY ***
Total pot 180 | No rake
Board: [Ah 2c 9d 4d 6c]
Seat 4: oukahou (small blind) showed [Td Ks] and lost with High card : Ace
Seat 5: capitaine56 (big blind) showed [9h 8d] and won 180 with One pair : 9
Seat 8: Angel4Life showed [Kc Qs] and lost with High card : Ace


Winamax Poker - Tournament "Double or Nothing" buyIn: 0,46€ + 0,04€ level: 4 - HandId: #540675561534521345-20-1438029483 - Holdem no limit (40/80) - 2015/07/27 20:38:03 UTC
Table: 'Double or Nothing(125885839)#0' 10-max (real money) Seat #4 is the button
Seat 1: ratostyle (1525)
Seat 2: SixMonth (1745)
Seat 3: santana666 (405)
Seat 4: oukahou (1285)
Seat 5: capitaine56 (1570)
Seat 6: Crisssis (1420)
Seat 7: sabre_laser (3295)
Seat 8: Angel4Life (2360)
Seat 10: Tamata40 (1395)
*** ANTE/BLINDS ***
capitaine56 posts small blind 40
Crisssis posts big blind 80
Dealt to sabre_laser [7h Jd]
*** PRE-FLOP *** 
sabre_laser folds
Angel4Life folds
Tamata40 folds
ratostyle folds
SixMonth folds
santana666 folds
oukahou folds
capitaine56 calls 40
Crisssis checks
*** FLOP *** [9s Qs 2s]
capitaine56 checks
Crisssis checks
*** TURN *** [9s Qs 2s][8c]
capitaine56 checks
Crisssis checks
*** RIVER *** [9s Qs 2s 8c][Kh]
capitaine56 bets 120
Crisssis calls 120
*** SHOW DOWN ***
Crisssis shows [Kc As] (One pair : Kings)
capitaine56 shows [Ks 8s] (Flush King high)
capitaine56 collected 400 from pot
*** SUMMARY ***
Total pot 400 | No rake
Board: [9s Qs 2s 8c Kh]
Seat 5: capitaine56 (small blind) showed [Ks 8s] and won 400 with Flush King high
Seat 6: Crisssis (big blind) showed [Kc As] and lost with One pair : Kings


Winamax Poker - Tournament "Double or Nothing" buyIn: 0,46€ + 0,04€ level: 4 - HandId: #540675561534521345-21-1438029526 - Holdem no limit (40/80) - 2015/07/27 20:38:46 UTC
Table: 'Double or Nothing(125885839)#0' 10-max (real money) Seat #5 is the button
Seat 1: ratostyle (1525)
Seat 2: SixMonth (1745)
Seat 3: santana666 (405)
Seat 4: oukahou (1285)
Seat 5: capitaine56 (1770)
Seat 6: Crisssis (1220)
Seat 7: sabre_laser (3295)
Seat 8: Angel4Life (2360)
Seat 10: Tamata40 (1395)
*** ANTE/BLINDS ***
Crisssis posts small blind 40
sabre_laser posts big blind 80
Dealt to sabre_laser [5c 3d]
*** PRE-FLOP *** 
Angel4Life folds
Tamata40 folds
ratostyle folds
SixMonth folds
santana666 raises 325 to 405 and is all-in
oukahou folds
capitaine56 folds
Crisssis folds
sabre_laser folds
santana666 collected 525 from pot
*** SUMMARY ***
Total pot 525 | No rake
Seat 3: santana666 won 525


Winamax Poker - Tournament "Double or Nothing" buyIn: 0,46€ + 0,04€ level: 4 - HandId: #540675561534521345-22-1438029566 - Holdem no limit (40/80) - 2015/07/27 20:39:26 UTC
Table: 'Double or Nothing(125885839)#0' 10-max (real money) Seat #6 is the button
Seat 1: ratostyle (1525)
Seat 2: SixMonth (1745)
Seat 3: santana666 (525)
Seat 4: oukahou (1285)
Seat 5: capitaine56 (1770)
Seat 6: Crisssis (1180)
Seat 7: sabre_laser (3215)
Seat 8: Angel4Life (2360)
Seat 10: Tamata40 (1395)
*** ANTE/BLINDS ***
sabre_laser posts small blind 40
Angel4Life posts big blind 80
Dealt to sabre_laser [Kc 2d]
*** PRE-FLOP *** 
Tamata40 folds
ratostyle folds
SixMonth folds
santana666 folds
oukahou folds
capitaine56 raises 120 to 200
Crisssis folds
sabre_laser folds
Angel4Life calls 120
*** FLOP *** [4s 3s 6h]
Angel4Life checks
capitaine56 checks
*** TURN *** [4s 3s 6h][5s]
Angel4Life bets 440
capitaine56 folds
Angel4Life collected 880 from pot
*** SUMMARY ***
Total pot 880 | No rake
Board: [4s 3s 6h 5s]
Seat 8: Angel4Life (big blind) won 880


Winamax Poker - Tournament "Double or Nothing" buyIn: 0,46€ + 0,04€ level: 5 - HandId: #540675561534521345-23-1438029642 - Holdem no limit (60/120) - 2015/07/27 20:40:42 UTC
Table: 'Double or Nothing(125885839)#0' 10-max (real money) Seat #7 is the button
Seat 1: ratostyle (1525)
Seat 2: SixMonth (1745)
Seat 3: santana666 (525)
Seat 4: oukahou (1285)
Seat 5: capitaine56 (1570)
Seat 6: Crisssis (1180)
Seat 7: sabre_laser (3175)
Seat 8: Angel4Life (2600)
Seat 10: Tamata40 (1395)
*** ANTE/BLINDS ***
Angel4Life posts small blind 60
Tamata40 posts big blind 120
Dealt to sabre_laser [9h Ad]
*** PRE-FLOP *** 
ratostyle folds
SixMonth folds
santana666 folds
oukahou folds
capitaine56 folds
Crisssis folds
sabre_laser folds
Angel4Life calls 60
Tamata40 checks
*** FLOP *** [3h 7c 4s]
Angel4Life checks
Tamata40 checks
*** TURN *** [3h 7c 4s][Qh]
Angel4Life checks
Tamata40 checks
*** RIVER *** [3h 7c 4s Qh][8c]
Angel4Life checks
Tamata40 checks
*** SHOW DOWN ***
Angel4Life shows [Tc 9s] (High card : Queen)
Tamata40 shows [5s 4c] (One pair : 4)
Tamata40 collected 240 from pot
*** SUMMARY ***
Total pot 240 | No rake
Board: [3h 7c 4s Qh 8c]
Seat 8: Angel4Life (small blind) showed [Tc 9s] and lost with High card : Queen
Seat 10: Tamata40 (big blind) showed [5s 4c] and won 240 with One pair : 4


Winamax Poker - Tournament "Double or Nothing" buyIn: 0,46€ + 0,04€ level: 5 - HandId: #540675561534521345-24-1438029685 - Holdem no limit (60/120) - 2015/07/27 20:41:25 UTC
Table: 'Double or Nothing(125885839)#0' 10-max (real money) Seat #8 is the button
Seat 1: ratostyle (1525)
Seat 2: SixMonth (1745)
Seat 3: santana666 (525)
Seat 4: oukahou (1285)
Seat 5: capitaine56 (1570)
Seat 6: Crisssis (1180)
Seat 7: sabre_laser (3175)
Seat 8: Angel4Life (2480)
Seat 10: Tamata40 (1515)
*** ANTE/BLINDS ***
Tamata40 posts small blind 60
ratostyle posts big blind 120
Dealt to sabre_laser [5s 6d]
*** PRE-FLOP *** 
SixMonth folds
santana666 raises 405 to 525 and is all-in
oukahou folds
capitaine56 folds
Crisssis folds
sabre_laser folds
Angel4Life folds
Tamata40 folds
ratostyle calls 405
*** FLOP *** [7d 8d Tc]
*** TURN *** [7d 8d Tc][4h]
*** RIVER *** [7d 8d Tc 4h][Js]
*** SHOW DOWN ***
ratostyle shows [Ac 3d] (High card : Ace)
santana666 shows [Jd Kd] (One pair : Jacks)
santana666 collected 1110 from pot
*** SUMMARY ***
Total pot 1110 | No rake
Board: [7d 8d Tc 4h Js]
Seat 1: ratostyle (big blind) showed [Ac 3d] and lost with High card : Ace
Seat 3: santana666 showed [Jd Kd] and won 1110 with One pair : Jacks


Winamax Poker - Tournament "Double or Nothing" buyIn: 0,46€ + 0,04€ level: 5 - HandId: #540675561534521345-25-1438029729 - Holdem no limit (60/120) - 2015/07/27 20:42:09 UTC
Table: 'Double or Nothing(125885839)#0' 10-max (real money) Seat #10 is the button
Seat 1: ratostyle (1000)
Seat 2: SixMonth (1745)
Seat 3: santana666 (1110)
Seat 4: oukahou (1285)
Seat 5: capitaine56 (1570)
Seat 6: Crisssis (1180)
Seat 7: sabre_laser (3175)
Seat 8: Angel4Life (2480)
Seat 10: Tamata40 (1455)
*** ANTE/BLINDS ***
ratostyle posts small blind 60
SixMonth posts big blind 120
Dealt to sabre_laser [7c 6c]
*** PRE-FLOP *** 
santana666 folds
oukahou folds
capitaine56 folds
Crisssis folds
sabre_laser raises 180 to 300
Angel4Life calls 300
Tamata40 folds
ratostyle folds
SixMonth folds
*** FLOP *** [4h Ac Ts]
sabre_laser checks
Angel4Life checks
*** TURN *** [4h Ac Ts][3s]
sabre_laser checks
Angel4Life checks
*** RIVER *** [4h Ac Ts 3s][6d]
sabre_laser checks
Angel4Life checks
*** SHOW DOWN ***
Angel4Life shows [Kh Jh] (High card : Ace)
sabre_laser shows [7c 6c] (One pair : 6)
sabre_laser collected 780 from pot
*** SUMMARY ***
Total pot 780 | No rake
Board: [4h Ac Ts 3s 6d]
Seat 7: sabre_laser showed [7c 6c] and won 780 with One pair : 6
Seat 8: Angel4Life showed [Kh Jh] and lost with High card : Ace


Winamax Poker - Tournament "Double or Nothing" buyIn: 0,46€ + 0,04€ level: 6 - HandId: #540675561534521345-26-1438029793 - Holdem no limit (80/160) - 2015/07/27 20:43:13 UTC
Table: 'Double or Nothing(125885839)#0' 10-max (real money) Seat #1 is the button
Seat 1: ratostyle (940)
Seat 2: SixMonth (1625)
Seat 3: santana666 (1110)
Seat 4: oukahou (1285)
Seat 5: capitaine56 (1570)
Seat 6: Crisssis (1180)
Seat 7: sabre_laser (3655)
Seat 8: Angel4Life (2180)
Seat 10: Tamata40 (1455)
*** ANTE/BLINDS ***
SixMonth posts small blind 80
santana666 posts big blind 160
Dealt to sabre_laser [Js Qd]
*** PRE-FLOP *** 
oukahou folds
capitaine56 folds
Crisssis folds
sabre_laser folds
Angel4Life calls 160
Tamata40 folds
ratostyle folds
SixMonth folds
santana666 raises 950 to 1110 and is all-in
Angel4Life folds
santana666 collected 1350 from pot
*** SUMMARY ***
Total pot 1350 | No rake
Seat 3: santana666 (big blind) won 1350


Winamax Poker - Tournament "Double or Nothing" buyIn: 0,46€ + 0,04€ level: 6 - HandId: #540675561534521345-27-1438029846 - Holdem no limit (80/160) - 2015/07/27 20:44:06 UTC
Table: 'Double or Nothing(125885839)#0' 10-max (real money) Seat #2 is the button
Seat 1: ratostyle (940)
Seat 2: SixMonth (1545)
Seat 3: santana666 (1350)
Seat 4: oukahou (1285)
Seat 5: capitaine56 (1570)
Seat 6: Crisssis (1180)
Seat 7: sabre_laser (3655)
Seat 8: Angel4Life (2020)
Seat 10: Tamata40 (1455)
*** ANTE/BLINDS ***
santana666 posts small blind 80
oukahou posts big blind 160
Dealt to sabre_laser [Qh As]
*** PRE-FLOP *** 
capitaine56 folds
Crisssis folds
sabre_laser raises 160 to 320
Angel4Life folds
Tamata40 folds
ratostyle folds
SixMonth folds
santana666 folds
oukahou calls 160
*** FLOP *** [Qd 3h 7s]
oukahou checks
sabre_laser checks
*** TURN *** [Qd 3h 7s][3s]
oukahou checks
sabre_laser bets 360
oukahou folds
sabre_laser collected 1080 from pot
*** SUMMARY ***
Total pot 1080 | No rake
Board: [Qd 3h 7s 3s]
Seat 7: sabre_laser won 1080


Winamax Poker - Tournament "Double or Nothing" buyIn: 0,46€ + 0,04€ level: 6 - HandId: #540675561534521345-28-1438029909 - Holdem no limit (80/160) - 2015/07/27 20:45:09 UTC
Table: 'Double or Nothing(125885839)#0' 10-max (real money) Seat #3 is the button
Seat 1: ratostyle (940)
Seat 2: SixMonth (1545)
Seat 3: santana666 (1270)
Seat 4: oukahou (965)
Seat 5: capitaine56 (1570)
Seat 6: Crisssis (1180)
Seat 7: sabre_laser (4055)
Seat 8: Angel4Life (2020)
Seat 10: Tamata40 (1455)
*** ANTE/BLINDS ***
oukahou posts small blind 80
capitaine56 posts big blind 160
Dealt to sabre_laser [Jd Jc]
*** PRE-FLOP *** 
Crisssis folds
sabre_laser raises 240 to 400
Angel4Life folds
Tamata40 folds
ratostyle folds
SixMonth folds
santana666 folds
oukahou folds
capitaine56 calls 240
*** FLOP *** [9d 9h 2c]
capitaine56 checks
sabre_laser checks
*** TURN *** [9d 9h 2c][8c]
capitaine56 checks
sabre_laser bets 660
capitaine56 folds
sabre_laser collected 1540 from pot
*** SUMMARY ***
Total pot 1540 | No rake
Board: [9d 9h 2c 8c]
Seat 7: sabre_laser won 1540


Winamax Poker - Tournament "Double or Nothing" buyIn: 0,46€ + 0,04€ level: 7 - HandId: #540675561534521345-29-1438029986 - Holdem no limit (10/100/200) - 2015/07/27 20:46:26 UTC
Table: 'Double or Nothing(125885839)#0' 10-max (real money) Seat #4 is the button
Seat 1: ratostyle (940)
Seat 2: SixMonth (1545)
Seat 3: santana666 (1270)
Seat 4: oukahou (885)
Seat 5: capitaine56 (1170)
Seat 6: Crisssis (1180)
Seat 7: sabre_laser (4535)
Seat 8: Angel4Life (2020)
Seat 10: Tamata40 (1455)
*** ANTE/BLINDS ***
capitaine56 posts ante 10
Crisssis posts ante 10
ratostyle posts ante 10
SixMonth posts ante 10
santana666 posts ante 10
oukahou posts ante 10
sabre_laser posts ante 10
Angel4Life posts ante 10
Tamata40 posts ante 10
capitaine56 posts small blind 100
Crisssis posts big blind 200
Dealt to sabre_laser [4d Tc]
*** PRE-FLOP *** 
sabre_laser folds
Angel4Life calls 200
Tamata40 folds
ratostyle raises 730 to 930 and is all-in
SixMonth folds
santana666 raises 330 to 1260 and is all-in
oukahou folds
capitaine56 folds
Crisssis folds
Angel4Life folds
*** FLOP *** [Kh Qs 9s]
*** TURN *** [Kh Qs 9s][5s]
*** RIVER *** [Kh Qs 9s 5s][3h]
*** SHOW DOWN ***
ratostyle shows [Ah 6h] (High card : Ace)
santana666 shows [Th As] (High card : Ace)
santana666 collected 2780 from pot
*** SUMMARY ***
Total pot 2780 | No rake
Board: [Kh Qs 9s 5s 3h]
Seat 1: ratostyle showed [Ah 6h] and lost with High card : Ace
Seat 3: santana666 showed [Th As] and won 2780 with High card : Ace


Winamax Poker - Tournament "Double or Nothing" buyIn: 0,46€ + 0,04€ level: 7 - HandId: #540675561534521345-30-1438030033 - Holdem no limit (10/100/200) - 2015/07/27 20:47:13 UTC
Table: 'Double or Nothing(125885839)#0' 10-max (real money) Seat #5 is the button
Seat 2: SixMonth (1535)
Seat 3: santana666 (2780)
Seat 4: oukahou (875)
Seat 5: capitaine56 (1060)
Seat 6: Crisssis (970)
Seat 7: sabre_laser (4525)
Seat 8: Angel4Life (1810)
Seat 10: Tamata40 (1445)
*** ANTE/BLINDS ***
Crisssis posts ante 10
sabre_laser posts ante 10
SixMonth posts ante 10
santana666 posts ante 10
oukahou posts ante 10
capitaine56 posts ante 10
Angel4Life posts ante 10
Tamata40 posts ante 10
Crisssis posts small blind 100
sabre_laser posts big blind 200
Dealt to sabre_laser [Ah Td]
*** PRE-FLOP *** 
Angel4Life folds
Tamata40 folds
SixMonth raises 1325 to 1525 and is all-in
santana666 raises 1245 to 2770 and is all-in
oukahou folds
capitaine56 folds
Crisssis folds
sabre_laser folds
*** FLOP *** [Qc Tc 6h]
*** TURN *** [Qc Tc 6h][5h]
*** RIVER *** [Qc Tc 6h 5h][Ac]
*** SHOW DOWN ***
SixMonth shows [Jd As] (One pair : Aces)
santana666 shows [Ad Qd] (Two pairs : Aces and Queens)
santana666 collected 4675 from pot
*** SUMMARY ***
Total pot 4675 | No rake
Board: [Qc Tc 6h 5h Ac]
Seat 2: SixMonth showed [Jd As] and lost with One pair : Aces
Seat 3: santana666 showed [Ad Qd] and won 4675 with Two pairs : Aces and Queens


Winamax Poker - Tournament "Double or Nothing" buyIn: 0,46€ + 0,04€ level: 7 - HandId: #540675561534521345-31-1438030081 - Holdem no limit (10/100/200) - 2015/07/27 20:48:01 UTC
Table: 'Double or Nothing(125885839)#0' 10-max (real money) Seat #6 is the button
Seat 3: santana666 (4675)
Seat 4: oukahou (865)
Seat 5: capitaine56 (1050)
Seat 6: Crisssis (860)
Seat 7: sabre_laser (4315)
Seat 8: Angel4Life (1800)
Seat 10: Tamata40 (1435)
*** ANTE/BLINDS ***
sabre_laser posts ante 10
Angel4Life posts ante 10
santana666 posts ante 10
oukahou posts ante 10
capitaine56 posts ante 10
Crisssis posts ante 10
Tamata40 posts ante 10
sabre_laser posts small blind 100
Angel4Life posts big blind 200
Dealt to sabre_laser [Ah 4h]
*** PRE-FLOP *** 
Tamata40 calls 200
santana666 folds
oukahou folds
capitaine56 folds
Crisssis folds
sabre_laser calls 100
Angel4Life checks
*** FLOP *** [8d 5c 3h]
sabre_laser checks
Angel4Life checks
Tamata40 checks
*** TURN *** [8d 5c 3h][Jh]
sabre_laser bets 200
Angel4Life folds
Tamata40 folds
sabre_laser collected 870 from pot
*** SUMMARY ***
Total pot 870 | No rake
Board: [8d 5c 3h Jh]
Seat 7: sabre_laser (small blind) won 870


Winamax Poker - Tournament "Double or Nothing" buyIn: 0,46€ + 0,04€ level: 8 - HandId: #540675561534521345-32-1438030149 - Holdem no limit (20/150/300) - 2015/07/27 20:49:09 UTC
Table: 'Double or Nothing(125885839)#0' 10-max (real money) Seat #7 is the button
Seat 3: santana666 (4665)
Seat 4: oukahou (855)
Seat 5: capitaine56 (1040)
Seat 6: Crisssis (850)
Seat 7: sabre_laser (4775)
Seat 8: Angel4Life (1590)
Seat 10: Tamata40 (1225)
*** ANTE/BLINDS ***
Angel4Life posts ante 20
Tamata40 posts ante 20
santana666 posts ante 20
oukahou posts ante 20
capitaine56 posts ante 20
Crisssis posts ante 20
sabre_laser posts ante 20
Angel4Life posts small blind 150
Tamata40 posts big blind 300
Dealt to sabre_laser [Kh 2d]
*** PRE-FLOP *** 
santana666 folds
oukahou folds
capitaine56 raises 720 to 1020 and is all-in
Crisssis folds
sabre_laser folds
Angel4Life calls 870
Tamata40 folds
*** FLOP *** [Qd 4h Js]
*** TURN *** [Qd 4h Js][Jh]
*** RIVER *** [Qd 4h Js Jh][Th]
*** SHOW DOWN ***
Angel4Life shows [8c 8h] (Two pairs : Jacks and 8)
capitaine56 shows [Jc Jd] (Quads of Jacks)
capitaine56 collected 2480 from pot
*** SUMMARY ***
Total pot 2480 | No rake
Board: [Qd 4h Js Jh Th]
Seat 5: capitaine56 showed [Jc Jd] and won 2480 with Quads of Jacks
Seat 8: Angel4Life (small blind) showed [8c 8h] and lost with Two pairs : Jacks and 8


Winamax Poker - Tournament "Double or Nothing" buyIn: 0,46€ + 0,04€ level: 8 - HandId: #540675561534521345-33-1438030180 - Holdem no limit (20/150/300) - 2015/07/27 20:49:40 UTC
Table: 'Double or Nothing(125885839)#0' 10-max (real money) Seat #8 is the button
Seat 3: santana666 (4645)
Seat 4: oukahou (835)
Seat 5: capitaine56 (2480)
Seat 6: Crisssis (830)
Seat 7: sabre_laser (4755)
Seat 8: Angel4Life (550)
Seat 10: Tamata40 (905)
*** ANTE/BLINDS ***
Tamata40 posts ante 20
santana666 posts ante 20
oukahou posts ante 20
capitaine56 posts ante 20
Crisssis posts ante 20
sabre_laser posts ante 20
Angel4Life posts ante 20
Tamata40 posts small blind 150
santana666 posts big blind 300
Dealt to sabre_laser [Ah Js]
*** PRE-FLOP *** 
oukahou folds
capitaine56 folds
Crisssis raises 510 to 810 and is all-in
sabre_laser calls 810
Angel4Life folds
Tamata40 folds
santana666 folds
*** FLOP *** [6s Qc Tc]
*** TURN *** [6s Qc Tc][Kd]
*** RIVER *** [6s Qc Tc Kd][Kc]
*** SHOW DOWN ***
Crisssis shows [4s Ac] (One pair : Kings)
sabre_laser shows [Ah Js] (Straight Ace high)
sabre_laser collected 2210 from pot
*** SUMMARY ***
Total pot 2210 | No rake
Board: [6s Qc Tc Kd Kc]
Seat 6: Crisssis showed [4s Ac] and lost with One pair : Kings
Seat 7: sabre_laser showed [Ah Js] and won 2210 with Straight Ace high


Winamax Poker - Tournament "Double or Nothing" buyIn: 0,46€ + 0,04€ level: 8 - HandId: #540675561534521345-34-1438030229 - Holdem no limit (20/150/300) - 2015/07/27 20:50:29 UTC
Table: 'Double or Nothing(125885839)#0' 10-max (real money) Seat #10 is the button
Seat 3: santana666 (4325)
Seat 4: oukahou (815)
Seat 5: capitaine56 (2460)
Seat 7: sabre_laser (6135)
Seat 8: Angel4Life (530)
Seat 10: Tamata40 (735)
*** ANTE/BLINDS ***
santana666 posts ante 20
oukahou posts ante 20
capitaine56 posts ante 20
sabre_laser posts ante 20
Angel4Life posts ante 20
Tamata40 posts ante 20
santana666 posts small blind 150
oukahou posts big blind 300
Dealt to sabre_laser [5c Jd]
*** PRE-FLOP *** 
capitaine56 folds
sabre_laser folds
Angel4Life calls 300
Tamata40 folds
santana666 folds
oukahou raises 495 to 795 and is all-in
Angel4Life calls 210 and is all-in
*** FLOP *** [7h Jc 8d]
*** TURN *** [7h Jc 8d][Js]
*** RIVER *** [7h Jc 8d Js][Td]
*** SHOW DOWN ***
Angel4Life shows [Ad Kc] (One pair : Jacks)
oukahou shows [Kd Qh] (One pair : Jacks)
oukahou collected 285 from side pot 1
Angel4Life collected 1290 from main pot
*** SUMMARY ***
Total pot 1575 | No rake
Board: [7h Jc 8d Js Td]
Seat 4: oukahou (big blind) showed [Kd Qh] and won 285 with One pair : Jacks
Seat 8: Angel4Life showed [Ad Kc] and won 1290 with One pair : Jacks


Winamax Poker - Tournament "Double or Nothing" buyIn: 0,46€ + 0,04€ level: 8 - HandId: #540675561534521345-35-1438030261 - Holdem no limit (20/150/300) - 2015/07/27 20:51:01 UTC
Table: 'Double or Nothing(125885839)#0' 10-max (real money) Seat #3 is the button
Seat 3: santana666 (4155)
Seat 4: oukahou (285)
Seat 5: capitaine56 (2440)
Seat 7: sabre_laser (6115)
Seat 8: Angel4Life (1290)
Seat 10: Tamata40 (715)
*** ANTE/BLINDS ***
oukahou posts ante 20
capitaine56 posts ante 20
santana666 posts ante 20
sabre_laser posts ante 20
Angel4Life posts ante 20
Tamata40 posts ante 20
oukahou posts small blind 150
capitaine56 posts big blind 300
Dealt to sabre_laser [4h 8s]
*** PRE-FLOP *** 
sabre_laser folds
Angel4Life calls 300
Tamata40 raises 395 to 695 and is all-in
santana666 folds
oukahou folds
capitaine56 folds
Angel4Life calls 395
*** FLOP *** [Qc 9h 3s]
*** TURN *** [Qc 9h 3s][6c]
*** RIVER *** [Qc 9h 3s 6c][Ts]
*** SHOW DOWN ***
Tamata40 shows [Kh 8c] (High card : King)
Angel4Life shows [9s Tc] (Two pairs : Tens and 9)
Angel4Life collected 1960 from pot
*** SUMMARY ***
Total pot 1960 | No rake
Board: [Qc 9h 3s 6c Ts]
Seat 8: Angel4Life showed [9s Tc] and won 1960 with Two pairs : Tens and 9
Seat 10: Tamata40 showed [Kh 8c] and lost with High card : King


