Winamax Poker - Tournament "Double or Nothing" buyIn: 0,46€ + 0,04€ level: 0 - HandId: #564644129041022977-1-1442779468 - Holdem no limit (10/20) - 2015/09/20 20:04:28 UTC
Table: 'Double or Nothing(131466456)#0' 10-max (real money) Seat #6 is the button
Seat 1: Dullvllav (1500)
Seat 2: Miss Morning (1500)
Seat 3: .Roxon. (1500)
Seat 4: sabre_laser (1500)
Seat 5: G_ZU (1500)
Seat 6: jejellyroll (1500)
Seat 7: VAVIGNE (1500)
Seat 8: FataIBazooka (1500)
Seat 9: guiline33 (1500)
Seat 10: Begbie4491 (1500)
*** ANTE/BLINDS ***
VAVIGNE posts small blind 10
FataIBazooka posts big blind 20
Dealt to sabre_laser [3h 9d]
*** PRE-FLOP *** 
guiline33 calls 20
Begbie4491 folds
Dullvllav folds
Miss Morning calls 20
.Roxon. folds
sabre_laser folds
G_ZU folds
jejellyroll folds
VAVIGNE calls 10
FataIBazooka checks
*** FLOP *** [4h 2d Qc]
VAVIGNE checks
FataIBazooka checks
guiline33 checks
Miss Morning bets 20
VAVIGNE folds
FataIBazooka folds
guiline33 calls 20
*** TURN *** [4h 2d Qc][8c]
guiline33 checks
Miss Morning bets 60
guiline33 folds
Miss Morning collected 180 from pot
*** SUMMARY ***
Total pot 180 | No rake
Board: [4h 2d Qc 8c]
Seat 2: Miss Morning won 180


Winamax Poker - Tournament "Double or Nothing" buyIn: 0,46€ + 0,04€ level: 0 - HandId: #564644129041022977-2-1442779569 - Holdem no limit (10/20) - 2015/09/20 20:06:09 UTC
Table: 'Double or Nothing(131466456)#0' 10-max (real money) Seat #7 is the button
Seat 1: Dullvllav (1500)
Seat 2: Miss Morning (1580)
Seat 3: .Roxon. (1500)
Seat 4: sabre_laser (1500)
Seat 5: G_ZU (1500)
Seat 6: jejellyroll (1500)
Seat 7: VAVIGNE (1480)
Seat 8: FataIBazooka (1480)
Seat 9: guiline33 (1460)
Seat 10: Begbie4491 (1500)
*** ANTE/BLINDS ***
FataIBazooka posts small blind 10
guiline33 posts big blind 20
Dealt to sabre_laser [5h Kd]
*** PRE-FLOP *** 
Begbie4491 folds
Dullvllav folds
Miss Morning calls 20
.Roxon. folds
sabre_laser folds
G_ZU folds
jejellyroll folds
VAVIGNE calls 20
FataIBazooka folds
guiline33 checks
*** FLOP *** [Tc Qh 9s]
guiline33 checks
Miss Morning checks
VAVIGNE bets 70
guiline33 folds
Miss Morning folds
VAVIGNE collected 140 from pot
*** SUMMARY ***
Total pot 140 | No rake
Board: [Tc Qh 9s]
Seat 7: VAVIGNE (button) won 140


Winamax Poker - Tournament "Double or Nothing" buyIn: 0,46€ + 0,04€ level: 1 - HandId: #564644129041022977-3-1442779669 - Holdem no limit (15/30) - 2015/09/20 20:07:49 UTC
Table: 'Double or Nothing(131466456)#0' 10-max (real money) Seat #8 is the button
Seat 1: Dullvllav (1500)
Seat 2: Miss Morning (1560)
Seat 3: .Roxon. (1500)
Seat 4: sabre_laser (1500)
Seat 5: G_ZU (1500)
Seat 6: jejellyroll (1500)
Seat 7: VAVIGNE (1530)
Seat 8: FataIBazooka (1470)
Seat 9: guiline33 (1440)
Seat 10: Begbie4491 (1500)
*** ANTE/BLINDS ***
guiline33 posts small blind 15
Begbie4491 posts big blind 30
Dealt to sabre_laser [7c 3c]
*** PRE-FLOP *** 
Dullvllav folds
Miss Morning calls 30
.Roxon. folds
sabre_laser folds
G_ZU folds
jejellyroll folds
VAVIGNE calls 30
FataIBazooka calls 30
guiline33 calls 15
Begbie4491 checks
*** FLOP *** [Js 3h 2h]
guiline33 checks
Begbie4491 checks
Miss Morning checks
VAVIGNE bets 30
FataIBazooka folds
guiline33 calls 30
Begbie4491 folds
Miss Morning folds
*** TURN *** [Js 3h 2h][Qd]
guiline33 checks
VAVIGNE bets 105
guiline33 calls 105
*** RIVER *** [Js 3h 2h Qd][Kc]
guiline33 bets 210
VAVIGNE calls 210
*** SHOW DOWN ***
guiline33 shows [3d Ad] (One pair : 3)
VAVIGNE shows [Qs Kh] (Two pairs : Kings and Queens)
VAVIGNE collected 840 from pot
*** SUMMARY ***
Total pot 840 | No rake
Board: [Js 3h 2h Qd Kc]
Seat 7: VAVIGNE showed [Qs Kh] and won 840 with Two pairs : Kings and Queens
Seat 9: guiline33 (small blind) showed [3d Ad] and lost with One pair : 3


Winamax Poker - Tournament "Double or Nothing" buyIn: 0,46€ + 0,04€ level: 1 - HandId: #564644129041022977-4-1442779811 - Holdem no limit (15/30) - 2015/09/20 20:10:11 UTC
Table: 'Double or Nothing(131466456)#0' 10-max (real money) Seat #9 is the button
Seat 1: Dullvllav (1500)
Seat 2: Miss Morning (1530)
Seat 3: .Roxon. (1500)
Seat 4: sabre_laser (1500)
Seat 5: G_ZU (1500)
Seat 6: jejellyroll (1500)
Seat 7: VAVIGNE (1995)
Seat 8: FataIBazooka (1440)
Seat 9: guiline33 (1065)
Seat 10: Begbie4491 (1470)
*** ANTE/BLINDS ***
Begbie4491 posts small blind 15
Dullvllav posts big blind 30
Dealt to sabre_laser [5s Ts]
*** PRE-FLOP *** 
Miss Morning folds
.Roxon. folds
sabre_laser folds
G_ZU folds
jejellyroll folds
VAVIGNE raises 30 to 60
FataIBazooka calls 60
guiline33 folds
Begbie4491 folds
Dullvllav folds
*** FLOP *** [8s 7s Ah]
VAVIGNE checks
FataIBazooka checks
*** TURN *** [8s 7s Ah][2c]
VAVIGNE bets 30
FataIBazooka folds
VAVIGNE collected 195 from pot
*** SUMMARY ***
Total pot 195 | No rake
Board: [8s 7s Ah 2c]
Seat 7: VAVIGNE won 195


Winamax Poker - Tournament "Double or Nothing" buyIn: 0,46€ + 0,04€ level: 2 - HandId: #564644129041022977-5-1442779906 - Holdem no limit (20/40) - 2015/09/20 20:11:46 UTC
Table: 'Double or Nothing(131466456)#0' 10-max (real money) Seat #10 is the button
Seat 1: Dullvllav (1470)
Seat 2: Miss Morning (1530)
Seat 3: .Roxon. (1500)
Seat 4: sabre_laser (1500)
Seat 5: G_ZU (1500)
Seat 6: jejellyroll (1500)
Seat 7: VAVIGNE (2100)
Seat 8: FataIBazooka (1380)
Seat 9: guiline33 (1065)
Seat 10: Begbie4491 (1455)
*** ANTE/BLINDS ***
Dullvllav posts small blind 20
Miss Morning posts big blind 40
Dealt to sabre_laser [Ad 3d]
*** PRE-FLOP *** 
.Roxon. folds
sabre_laser folds
G_ZU folds
jejellyroll folds
VAVIGNE folds
FataIBazooka folds
guiline33 raises 80 to 120
Begbie4491 folds
Dullvllav folds
Miss Morning calls 80
*** FLOP *** [Th 5c 6d]
Miss Morning checks
guiline33 checks
*** TURN *** [Th 5c 6d][5s]
Miss Morning checks
guiline33 checks
*** RIVER *** [Th 5c 6d 5s][8c]
Miss Morning checks
guiline33 bets 173
Miss Morning folds
guiline33 collected 433 from pot
*** SUMMARY ***
Total pot 433 | No rake
Board: [Th 5c 6d 5s 8c]
Seat 9: guiline33 won 433


Winamax Poker - Tournament "Double or Nothing" buyIn: 0,46€ + 0,04€ level: 3 - HandId: #564644129041022977-6-1442780006 - Holdem no limit (30/60) - 2015/09/20 20:13:26 UTC
Table: 'Double or Nothing(131466456)#0' 10-max (real money) Seat #1 is the button
Seat 1: Dullvllav (1450)
Seat 2: Miss Morning (1410)
Seat 3: .Roxon. (1500)
Seat 4: sabre_laser (1500)
Seat 5: G_ZU (1500)
Seat 6: jejellyroll (1500)
Seat 7: VAVIGNE (2100)
Seat 8: FataIBazooka (1380)
Seat 9: guiline33 (1205)
Seat 10: Begbie4491 (1455)
*** ANTE/BLINDS ***
Miss Morning posts small blind 30
.Roxon. posts big blind 60
Dealt to sabre_laser [2s 8h]
*** PRE-FLOP *** 
sabre_laser folds
G_ZU folds
jejellyroll folds
VAVIGNE folds
FataIBazooka folds
guiline33 folds
Begbie4491 folds
Dullvllav folds
Miss Morning calls 30
.Roxon. checks
*** FLOP *** [Kh Ks Kd]
Miss Morning checks
.Roxon. checks
*** TURN *** [Kh Ks Kd][Qs]
Miss Morning checks
.Roxon. checks
*** RIVER *** [Kh Ks Kd Qs][5d]
Miss Morning checks
.Roxon. checks
*** SHOW DOWN ***
Miss Morning shows [Tc 7c] (Trips of Kings)
.Roxon. shows [6c 5c] (Full of Kings and 5)
.Roxon. collected 120 from pot
*** SUMMARY ***
Total pot 120 | No rake
Board: [Kh Ks Kd Qs 5d]
Seat 2: Miss Morning (small blind) showed [Tc 7c] and lost with Trips of Kings
Seat 3: .Roxon. (big blind) showed [6c 5c] and won 120 with Full of Kings and 5


Winamax Poker - Tournament "Double or Nothing" buyIn: 0,46€ + 0,04€ level: 3 - HandId: #564644129041022977-7-1442780139 - Holdem no limit (30/60) - 2015/09/20 20:15:39 UTC
Table: 'Double or Nothing(131466456)#0' 10-max (real money) Seat #2 is the button
Seat 1: Dullvllav (1450)
Seat 2: Miss Morning (1350)
Seat 3: .Roxon. (1560)
Seat 4: sabre_laser (1500)
Seat 5: G_ZU (1500)
Seat 6: jejellyroll (1500)
Seat 7: VAVIGNE (2100)
Seat 8: FataIBazooka (1380)
Seat 9: guiline33 (1205)
Seat 10: Begbie4491 (1455)
*** ANTE/BLINDS ***
.Roxon. posts small blind 30
sabre_laser posts big blind 60
Dealt to sabre_laser [Ks Ah]
*** PRE-FLOP *** 
G_ZU folds
jejellyroll folds
VAVIGNE folds
FataIBazooka calls 60
guiline33 raises 120 to 180
Begbie4491 folds
Dullvllav folds
Miss Morning calls 180
.Roxon. folds
sabre_laser raises 1320 to 1500 and is all-in
FataIBazooka folds
guiline33 calls 1025 and is all-in
Miss Morning calls 1170 and is all-in
*** FLOP *** [Qs Qc 7c]
*** TURN *** [Qs Qc 7c][9s]
*** RIVER *** [Qs Qc 7c 9s][Js]
*** SHOW DOWN ***
guiline33 shows [8d 8s] (Two pairs : Queens and 8)
Miss Morning shows [Qd Kd] (Trips of Queens)
sabre_laser shows [Ks Ah] (One pair : Queens)
sabre_laser collected 150 from side pot 1
Miss Morning collected 3995 from main pot
*** SUMMARY ***
Total pot 4145 | No rake
Board: [Qs Qc 7c 9s Js]
Seat 2: Miss Morning (button) showed [Qd Kd] and won 3995 with Trips of Queens
Seat 4: sabre_laser (big blind) showed [Ks Ah] and won 150 with One pair : Queens
Seat 9: guiline33 showed [8d 8s] and lost with Two pairs : Queens and 8


Winamax Poker - Tournament "Double or Nothing" buyIn: 0,46€ + 0,04€ level: 4 - HandId: #564644129041022977-8-1442780238 - Holdem no limit (40/80) - 2015/09/20 20:17:18 UTC
Table: 'Double or Nothing(131466456)#0' 10-max (real money) Seat #3 is the button
Seat 1: Dullvllav (1450)
Seat 2: Miss Morning (3995)
Seat 3: .Roxon. (1530)
Seat 4: sabre_laser (150)
Seat 5: G_ZU (1500)
Seat 6: jejellyroll (1500)
Seat 7: VAVIGNE (2100)
Seat 8: FataIBazooka (1320)
Seat 10: Begbie4491 (1455)
*** ANTE/BLINDS ***
sabre_laser posts small blind 40
G_ZU posts big blind 80
Dealt to sabre_laser [Ks 2s]
*** PRE-FLOP *** 
jejellyroll folds
VAVIGNE calls 80
FataIBazooka folds
Begbie4491 folds
Dullvllav folds
Miss Morning folds
.Roxon. folds
sabre_laser folds
G_ZU checks
*** FLOP *** [8h 9d 5s]
G_ZU bets 200
VAVIGNE folds
G_ZU collected 400 from pot
*** SUMMARY ***
Total pot 400 | No rake
Board: [8h 9d 5s]
Seat 5: G_ZU (big blind) won 400


Winamax Poker - Tournament "Double or Nothing" buyIn: 0,46€ + 0,04€ level: 4 - HandId: #564644129041022977-9-1442780303 - Holdem no limit (40/80) - 2015/09/20 20:18:23 UTC
Table: 'Double or Nothing(131466456)#0' 10-max (real money) Seat #4 is the button
Seat 1: Dullvllav (1450)
Seat 2: Miss Morning (3995)
Seat 3: .Roxon. (1530)
Seat 4: sabre_laser (110)
Seat 5: G_ZU (1620)
Seat 6: jejellyroll (1500)
Seat 7: VAVIGNE (2020)
Seat 8: FataIBazooka (1320)
Seat 10: Begbie4491 (1455)
*** ANTE/BLINDS ***
G_ZU posts small blind 40
jejellyroll posts big blind 80
Dealt to sabre_laser [7c 4c]
*** PRE-FLOP *** 
VAVIGNE folds
FataIBazooka folds
Begbie4491 folds
Dullvllav calls 80
Miss Morning folds
.Roxon. folds
sabre_laser folds
G_ZU folds
jejellyroll checks
*** FLOP *** [5d Ac Ks]
jejellyroll checks
Dullvllav checks
*** TURN *** [5d Ac Ks][Kc]
jejellyroll checks
Dullvllav checks
*** RIVER *** [5d Ac Ks Kc][Ts]
jejellyroll checks
Dullvllav checks
*** SHOW DOWN ***
jejellyroll shows [7h Qd] (One pair : Kings)
Dullvllav shows [9h 9d] (Two pairs : Kings and 9)
Dullvllav collected 200 from pot
*** SUMMARY ***
Total pot 200 | No rake
Board: [5d Ac Ks Kc Ts]
Seat 1: Dullvllav showed [9h 9d] and won 200 with Two pairs : Kings and 9
Seat 6: jejellyroll (big blind) showed [7h Qd] and lost with One pair : Kings


Winamax Poker - Tournament "Double or Nothing" buyIn: 0,46€ + 0,04€ level: 5 - HandId: #564644129041022977-10-1442780411 - Holdem no limit (60/120) - 2015/09/20 20:20:11 UTC
Table: 'Double or Nothing(131466456)#0' 10-max (real money) Seat #5 is the button
Seat 1: Dullvllav (1570)
Seat 2: Miss Morning (3995)
Seat 3: .Roxon. (1530)
Seat 4: sabre_laser (110)
Seat 5: G_ZU (1580)
Seat 6: jejellyroll (1420)
Seat 7: VAVIGNE (2020)
Seat 8: FataIBazooka (1320)
Seat 10: Begbie4491 (1455)
*** ANTE/BLINDS ***
jejellyroll posts small blind 60
VAVIGNE posts big blind 120
Dealt to sabre_laser [2d 3d]
*** PRE-FLOP *** 
FataIBazooka folds
Begbie4491 folds
Dullvllav folds
Miss Morning raises 120 to 240
.Roxon. folds
sabre_laser folds
G_ZU folds
jejellyroll folds
VAVIGNE folds
Miss Morning collected 420 from pot
*** SUMMARY ***
Total pot 420 | No rake
Seat 2: Miss Morning won 420


Winamax Poker - Tournament "Double or Nothing" buyIn: 0,46€ + 0,04€ level: 5 - HandId: #564644129041022977-11-1442780487 - Holdem no limit (60/120) - 2015/09/20 20:21:27 UTC
Table: 'Double or Nothing(131466456)#0' 10-max (real money) Seat #6 is the button
Seat 1: Dullvllav (1570)
Seat 2: Miss Morning (4175)
Seat 3: .Roxon. (1530)
Seat 4: sabre_laser (110)
Seat 5: G_ZU (1580)
Seat 6: jejellyroll (1360)
Seat 7: VAVIGNE (1900)
Seat 8: FataIBazooka (1320)
Seat 10: Begbie4491 (1455)
*** ANTE/BLINDS ***
VAVIGNE posts small blind 60
FataIBazooka posts big blind 120
Dealt to sabre_laser [6d 9d]
*** PRE-FLOP *** 
Begbie4491 folds
Dullvllav folds
Miss Morning folds
.Roxon. folds
sabre_laser folds
G_ZU folds
jejellyroll raises 240 to 360
VAVIGNE folds
FataIBazooka folds
jejellyroll collected 540 from pot
*** SUMMARY ***
Total pot 540 | No rake
Seat 6: jejellyroll (button) won 540


Winamax Poker - Tournament "Double or Nothing" buyIn: 0,46€ + 0,04€ level: 5 - HandId: #564644129041022977-12-1442780538 - Holdem no limit (60/120) - 2015/09/20 20:22:18 UTC
Table: 'Double or Nothing(131466456)#0' 10-max (real money) Seat #7 is the button
Seat 1: Dullvllav (1570)
Seat 2: Miss Morning (4175)
Seat 3: .Roxon. (1530)
Seat 4: sabre_laser (110)
Seat 5: G_ZU (1580)
Seat 6: jejellyroll (1540)
Seat 7: VAVIGNE (1840)
Seat 8: FataIBazooka (1200)
Seat 10: Begbie4491 (1455)
*** ANTE/BLINDS ***
FataIBazooka posts small blind 60
Begbie4491 posts big blind 120
Dealt to sabre_laser [Qc 9d]
*** PRE-FLOP *** 
Dullvllav folds
Miss Morning raises 120 to 240
.Roxon. folds
sabre_laser folds
G_ZU folds
jejellyroll folds
VAVIGNE folds
FataIBazooka folds
Begbie4491 folds
Miss Morning collected 420 from pot
*** SUMMARY ***
Total pot 420 | No rake
Seat 2: Miss Morning won 420


Winamax Poker - Tournament "Double or Nothing" buyIn: 0,46€ + 0,04€ level: 6 - HandId: #564644129041022977-13-1442780586 - Holdem no limit (80/160) - 2015/09/20 20:23:06 UTC
Table: 'Double or Nothing(131466456)#0' 10-max (real money) Seat #8 is the button
Seat 1: Dullvllav (1570)
Seat 2: Miss Morning (4355)
Seat 3: .Roxon. (1530)
Seat 4: sabre_laser (110)
Seat 5: G_ZU (1580)
Seat 6: jejellyroll (1540)
Seat 7: VAVIGNE (1840)
Seat 8: FataIBazooka (1140)
Seat 10: Begbie4491 (1335)
*** ANTE/BLINDS ***
Begbie4491 posts small blind 80
Dullvllav posts big blind 160
Dealt to sabre_laser [Jd Kh]
*** PRE-FLOP *** 
Miss Morning folds
.Roxon. folds
sabre_laser calls 110 and is all-in
G_ZU folds
jejellyroll calls 160
VAVIGNE folds
FataIBazooka folds
Begbie4491 folds
Dullvllav checks
*** FLOP *** [5c 4c 9d]
Dullvllav checks
jejellyroll checks
*** TURN *** [5c 4c 9d][5h]
Dullvllav checks
jejellyroll bets 340
Dullvllav folds
*** RIVER *** [5c 4c 9d 5h][9h]
*** SHOW DOWN ***
sabre_laser shows [Jd Kh] (Two pairs : 9 and 5)
jejellyroll shows [4s As] (Two pairs : 9 and 5)
jejellyroll collected 850 from pot
*** SUMMARY ***
Total pot 850 | No rake
Board: [5c 4c 9d 5h 9h]
Seat 4: sabre_laser showed [Jd Kh] and lost with Two pairs : 9 and 5
Seat 6: jejellyroll showed [4s As] and won 850 with Two pairs : 9 and 5


