Winamax Poker - CashGame - HandId: #14086088-460-1586013812 - Holdem no limit (0.01/0.02) - 2020/04/04 15:23:32 UTC
Table: 'Wichita 05' 5-max (play money) Seat #3 is the button
Seat 1: Planks (2.70)
Seat 2: sabre_laser (2)
Seat 3: Kili444 (2.05)
Seat 4: Sergio02 (13.27)
Seat 5: Nijatero (1.89)
*** ANTE/BLINDS ***
Sergio02 posts small blind 0.01
Nijatero posts big blind 0.02
sabre_laser posts big blind 0.02 out of position
Dealt to sabre_laser [9d Jh]
*** PRE-FLOP *** 
Planks folds
sabre_laser checks
Kili444 calls 0.02
Sergio02 calls 0.01
Nijatero checks
*** FLOP *** [Kd Qh 2d]
Sergio02 checks
Nijatero checks
sabre_laser checks
Kili444 checks
*** TURN *** [Kd Qh 2d][Qc]
Sergio02 checks
Nijatero checks
sabre_laser checks
Kili444 checks
*** RIVER *** [Kd Qh 2d Qc][Ac]
Sergio02 checks
Nijatero checks
sabre_laser checks
Kili444 checks
*** SHOW DOWN ***
Kili444 shows [6s 4s] (One pair : Queens)
Sergio02 shows [4h 9s] (One pair : Queens)
Nijatero shows [6d 3h] (One pair : Queens)
sabre_laser shows [9d Jh] (One pair : Queens)
sabre_laser collected 0.08 from pot
*** SUMMARY ***
Total pot 0.08 | No rake
Board: [Kd Qh 2d Qc Ac]
Seat 2: sabre_laser showed [9d Jh] and won 0.08 with One pair : Queens
Seat 3: Kili444 (button) showed [6s 4s] and lost with One pair : Queens
Seat 4: Sergio02 (small blind) showed [4h 9s] and lost with One pair : Queens
Seat 5: Nijatero (big blind) showed [6d 3h] and lost with One pair : Queens


Winamax Poker - CashGame - HandId: #14086088-461-1586013878 - Holdem no limit (0.01/0.02) - 2020/04/04 15:24:38 UTC
Table: 'Wichita 05' 5-max (play money) Seat #4 is the button
Seat 1: Planks (2.70)
Seat 2: sabre_laser (2.06)
Seat 3: Kili444 (2.03)
Seat 4: Sergio02 (13.25)
Seat 5: Nijatero (1.87)
*** ANTE/BLINDS ***
Nijatero posts small blind 0.01
Planks posts big blind 0.02
Dealt to sabre_laser [Ac 2d]
*** PRE-FLOP *** 
sabre_laser folds
Kili444 calls 0.02
Sergio02 calls 0.02
Nijatero calls 0.01
Planks raises 2.68 to 2.70 and is all-in
Kili444 folds
Sergio02 calls 2.68
Nijatero calls 1.85 and is all-in
*** FLOP *** [3d 5d 8s]
*** TURN *** [3d 5d 8s][8c]
*** RIVER *** [3d 5d 8s 8c][3h]
*** SHOW DOWN ***
Planks shows [Qs Th] (Two pairs : 8 and 3)
Nijatero shows [Qc 4h] (Two pairs : 8 and 3)
Sergio02 shows [Qd 5c] (Two pairs : 8 and 5)
Sergio02 collected 6.89 from pot
*** SUMMARY ***
Total pot 6.89 | Rake 0.40
Board: [3d 5d 8s 8c 3h]
Seat 1: Planks (big blind) showed [Qs Th] and lost with Two pairs : 8 and 3
Seat 4: Sergio02 (button) showed [Qd 5c] and won 6.89 with Two pairs : 8 and 5
Seat 5: Nijatero (small blind) showed [Qc 4h] and lost with Two pairs : 8 and 3


Winamax Poker - CashGame - HandId: #14086088-462-1586013918 - Holdem no limit (0.01/0.02) - 2020/04/04 15:25:18 UTC
Table: 'Wichita 05' 5-max (play money) Seat #5 is the button
Seat 1: Planks (0)
Seat 2: sabre_laser (2.06)
Seat 3: Kili444 (2.01)
Seat 4: Sergio02 (17.44)
Seat 5: Nijatero (0)
*** ANTE/BLINDS ***
sabre_laser posts big blind 0.02
Dealt to sabre_laser [9s 8d]
*** PRE-FLOP *** 
Kili444 folds
Sergio02 calls 0.02
sabre_laser checks
*** FLOP *** [Th 7c 9d]
sabre_laser bets 0.04
Sergio02 raises 0.04 to 0.08
sabre_laser calls 0.04
*** TURN *** [Th 7c 9d][Td]
sabre_laser checks
Sergio02 bets 1.54
sabre_laser folds
Sergio02 collected 1.73 from pot
*** SUMMARY ***
Total pot 1.73 | Rake 0.01
Board: [Th 7c 9d Td]
Seat 4: Sergio02 won 1.73


Winamax Poker - CashGame - HandId: #14086088-463-1586013975 - Holdem no limit (0.01/0.02) - 2020/04/04 15:26:15 UTC
Table: 'Wichita 05' 5-max (play money) Seat #1 is the button
Seat 1: Dockteur S (2)
Seat 2: sabre_laser (1.96)
Seat 3: Kili444 (2.01)
Seat 4: Sergio02 (17.53)
Seat 5: VincePaq (2)
*** ANTE/BLINDS ***
sabre_laser posts small blind 0.01
Kili444 posts big blind 0.02
VincePaq posts big blind 0.02 out of position
Dealt to sabre_laser [As 3s]
*** PRE-FLOP *** 
Sergio02 calls 0.02
VincePaq checks
sabre_laser calls 0.01
Kili444 checks
*** FLOP *** [5h Jd Ah]
sabre_laser checks
Kili444 checks
Sergio02 checks
VincePaq checks
*** TURN *** [5h Jd Ah][Kd]
sabre_laser bets 0.04
Kili444 folds
Sergio02 raises 0.04 to 0.08
VincePaq calls 0.08
sabre_laser calls 0.04
*** RIVER *** [5h Jd Ah Kd][2d]
sabre_laser checks
Sergio02 bets 0.72
VincePaq folds
sabre_laser calls 0.72
*** SHOW DOWN ***
sabre_laser shows [As 3s] (One pair : Aces)
Sergio02 shows [Qc Th] (Straight Ace high)
Sergio02 collected 1.66 from pot
*** SUMMARY ***
Total pot 1.66 | Rake 0.10
Board: [5h Jd Ah Kd 2d]
Seat 2: sabre_laser (small blind) showed [As 3s] and lost with One pair : Aces
Seat 4: Sergio02 showed [Qc Th] and won 1.66 with Straight Ace high


Winamax Poker - CashGame - HandId: #14086088-464-1586014049 - Holdem no limit (0.01/0.02) - 2020/04/04 15:27:29 UTC
Table: 'Wichita 05' 5-max (play money) Seat #2 is the button
Seat 1: Dockteur S (2)
Seat 2: sabre_laser (1.14)
Seat 3: Kili444 (1.99)
Seat 4: Sergio02 (18.37)
Seat 5: VincePaq (1.90)
*** ANTE/BLINDS ***
Kili444 posts small blind 0.01
Sergio02 posts big blind 0.02
Dockteur S posts big blind 0.02 out of position
Dealt to sabre_laser [Js 6d]
*** PRE-FLOP *** 
VincePaq calls 0.02
Dockteur S checks
sabre_laser folds
Kili444 folds
Sergio02 checks
*** FLOP *** [9c 4c Ac]
Sergio02 checks
VincePaq checks
Dockteur S bets 0.07
Sergio02 calls 0.07
VincePaq folds
*** TURN *** [9c 4c Ac][2c]
Sergio02 bets 0.21
Dockteur S folds
Sergio02 collected 0.41 from pot
*** SUMMARY ***
Total pot 0.41 | Rake 0.01
Board: [9c 4c Ac 2c]
Seat 4: Sergio02 (big blind) won 0.41


Winamax Poker - CashGame - HandId: #14086088-465-1586014097 - Holdem no limit (0.01/0.02) - 2020/04/04 15:28:17 UTC
Table: 'Wichita 05' 5-max (play money) Seat #3 is the button
Seat 1: Dockteur S (1.91)
Seat 2: sabre_laser (1.14)
Seat 3: Kili444 (1.98)
Seat 4: Sergio02 (18.48)
Seat 5: VincePaq (1.88)
*** ANTE/BLINDS ***
Sergio02 posts small blind 0.01
VincePaq posts big blind 0.02
Dealt to sabre_laser [3c 6c]
*** PRE-FLOP *** 
Dockteur S calls 0.02
sabre_laser folds
Kili444 calls 0.02
Sergio02 calls 0.01
VincePaq checks
*** FLOP *** [9h 3s 5s]
Sergio02 bets 0.02
VincePaq calls 0.02
Dockteur S folds
Kili444 folds
*** TURN *** [9h 3s 5s][Qc]
Sergio02 checks
VincePaq checks
*** RIVER *** [9h 3s 5s Qc][9c]
Sergio02 bets 0.02
VincePaq folds
Sergio02 collected 0.13 from pot
*** SUMMARY ***
Total pot 0.13 | Rake 0.01
Board: [9h 3s 5s Qc 9c]
Seat 4: Sergio02 (small blind) won 0.13


Winamax Poker - CashGame - HandId: #14086088-466-1586014142 - Holdem no limit (0.01/0.02) - 2020/04/04 15:29:02 UTC
Table: 'Wichita 05' 5-max (play money) Seat #4 is the button
Seat 1: Dockteur S (1.89)
Seat 2: sabre_laser (1.14)
Seat 3: Kili444 (1.96)
Seat 4: Sergio02 (18.55)
Seat 5: VincePaq (1.84)
*** ANTE/BLINDS ***
VincePaq posts small blind 0.01
Dockteur S posts big blind 0.02
Dealt to sabre_laser [2h Jh]
*** PRE-FLOP *** 
sabre_laser folds
Kili444 folds
Sergio02 calls 0.02
VincePaq calls 0.01
Dockteur S checks
*** FLOP *** [5c Ts 7c]
VincePaq checks
Dockteur S checks
Sergio02 checks
*** TURN *** [5c Ts 7c][5d]
VincePaq bets 0.02
Dockteur S calls 0.02
Sergio02 calls 0.02
*** RIVER *** [5c Ts 7c 5d][4d]
VincePaq bets 0.02
Dockteur S calls 0.02
Sergio02 folds
*** SHOW DOWN ***
Dockteur S shows [7s Ks] (Two pairs : 7 and 5)
VincePaq shows [3d Tc] (Two pairs : Tens and 5)
VincePaq collected 0.15 from pot
*** SUMMARY ***
Total pot 0.15 | Rake 0.01
Board: [5c Ts 7c 5d 4d]
Seat 1: Dockteur S (big blind) showed [7s Ks] and lost with Two pairs : 7 and 5
Seat 5: VincePaq (small blind) showed [3d Tc] and won 0.15 with Two pairs : Tens and 5


Winamax Poker - CashGame - HandId: #14086088-467-1586014203 - Holdem no limit (0.01/0.02) - 2020/04/04 15:30:03 UTC
Table: 'Wichita 05' 5-max (play money) Seat #5 is the button
Seat 1: Dockteur S (1.83)
Seat 2: sabre_laser (1.14)
Seat 3: Kili444 (1.96)
Seat 4: Sergio02 (18.51)
Seat 5: VincePaq (1.93)
*** ANTE/BLINDS ***
Dockteur S posts small blind 0.01
sabre_laser posts big blind 0.02
Dealt to sabre_laser [Jc 6d]
*** PRE-FLOP *** 
Kili444 folds
Sergio02 calls 0.02
VincePaq calls 0.02
Dockteur S calls 0.01
sabre_laser checks
*** FLOP *** [9c Kh 5d]
Dockteur S checks
sabre_laser checks
Sergio02 bets 0.02
VincePaq calls 0.02
Dockteur S folds
sabre_laser folds
*** TURN *** [9c Kh 5d][8h]
Sergio02 bets 0.12
VincePaq folds
Sergio02 collected 0.23 from pot
*** SUMMARY ***
Total pot 0.23 | Rake 0.01
Board: [9c Kh 5d 8h]
Seat 4: Sergio02 won 0.23


Winamax Poker - CashGame - HandId: #14086088-468-1586014258 - Holdem no limit (0.01/0.02) - 2020/04/04 15:30:58 UTC
Table: 'Wichita 05' 5-max (play money) Seat #1 is the button
Seat 1: Dockteur S (1.81)
Seat 2: sabre_laser (1.12)
Seat 3: Kili444 (1.96)
Seat 4: Sergio02 (18.58)
Seat 5: VincePaq (1.89)
*** ANTE/BLINDS ***
sabre_laser posts small blind 0.01
Kili444 posts big blind 0.02
Dealt to sabre_laser [5h As]
*** PRE-FLOP *** 
Sergio02 calls 0.02
VincePaq calls 0.02
Dockteur S folds
sabre_laser calls 0.01
Kili444 checks
*** FLOP *** [3d Kh 4s]
sabre_laser checks
Kili444 checks
Sergio02 bets 0.02
VincePaq calls 0.02
sabre_laser calls 0.02
Kili444 calls 0.02
*** TURN *** [3d Kh 4s][7s]
sabre_laser checks
Kili444 checks
Sergio02 bets 0.16
VincePaq folds
sabre_laser folds
Kili444 calls 0.16
*** RIVER *** [3d Kh 4s 7s][4c]
Kili444 checks
Sergio02 bets 1.54
Kili444 folds
Sergio02 collected 1.99 from pot
*** SUMMARY ***
Total pot 1.99 | Rake 0.03
Board: [3d Kh 4s 7s 4c]
Seat 4: Sergio02 won 1.99


Winamax Poker - CashGame - HandId: #14086088-469-1586014347 - Holdem no limit (0.01/0.02) - 2020/04/04 15:32:27 UTC
Table: 'Wichita 05' 5-max (play money) Seat #2 is the button
Seat 1: Dockteur S (1.81)
Seat 2: sabre_laser (1.08)
Seat 3: Kili444 (1.76)
Seat 4: Sergio02 (18.83)
Seat 5: VincePaq (1.85)
*** ANTE/BLINDS ***
Kili444 posts small blind 0.01
Sergio02 posts big blind 0.02
Dealt to sabre_laser [6c 3h]
*** PRE-FLOP *** 
VincePaq calls 0.02
Dockteur S calls 0.02
sabre_laser folds
Kili444 folds
Sergio02 raises 0.02 to 0.04
VincePaq calls 0.02
Dockteur S calls 0.02
*** FLOP *** [Kh 6h 5c]
Sergio02 checks
VincePaq bets 0.21
Dockteur S raises 0.21 to 0.42
Sergio02 folds
VincePaq calls 0.21
*** TURN *** [Kh 6h 5c][8d]
VincePaq bets 0.98
Dockteur S calls 0.98
*** RIVER *** [Kh 6h 5c 8d][7d]
VincePaq bets 0.41 and is all-in
Dockteur S calls 0.37 and is all-in
*** SHOW DOWN ***
Dockteur S shows [Kc 3d] (One pair : Kings)
VincePaq shows [Qc Qd] (One pair : Queens)
VincePaq collected 0.04 from side pot 1
Dockteur S collected 3.46 from main pot
*** SUMMARY ***
Total pot 3.50 | Rake 0.21
Board: [Kh 6h 5c 8d 7d]
Seat 1: Dockteur S showed [Kc 3d] and won 3.46 with One pair : Kings
Seat 5: VincePaq showed [Qc Qd] and won 0.04 with One pair : Queens


Winamax Poker - CashGame - HandId: #14086088-470-1586014427 - Holdem no limit (0.01/0.02) - 2020/04/04 15:33:47 UTC
Table: 'Wichita 05' 5-max (play money) Seat #3 is the button
Seat 1: Dockteur S (3.46)
Seat 2: sabre_laser (1.08)
Seat 4: Sergio02 (18.79)
Seat 5: VincePaq (0.04)
*** ANTE/BLINDS ***
Sergio02 posts small blind 0.01
VincePaq posts big blind 0.02
Dealt to sabre_laser [5h Ac]
*** PRE-FLOP *** 
Dockteur S calls 0.02
sabre_laser raises 0.04 to 0.06
Sergio02 folds
VincePaq calls 0.02 and is all-in
Dockteur S calls 0.04
*** FLOP *** [3h Ah 2s]
Dockteur S checks
sabre_laser bets 0.02
Dockteur S folds
*** TURN *** [3h Ah 2s][9c]
*** RIVER *** [3h Ah 2s 9c][6d]
*** SHOW DOWN ***
VincePaq shows [Jd Qc] (High card : Ace)
sabre_laser shows [5h Ac] (One pair : Aces)
sabre_laser collected 0.18 from pot
*** SUMMARY ***
Total pot 0.18 | Rake 0.01
Board: [3h Ah 2s 9c 6d]
Seat 2: sabre_laser showed [5h Ac] and won 0.18 with One pair : Aces
Seat 5: VincePaq (big blind) showed [Jd Qc] and lost with High card : Ace


Winamax Poker - CashGame - HandId: #14086088-471-1586014511 - Holdem no limit (0.01/0.02) - 2020/04/04 15:35:11 UTC
Table: 'Wichita 05' 5-max (play money) Seat #1 is the button
Seat 1: Dockteur S (3.40)
Seat 2: sabre_laser (1.18)
Seat 3: 642b (2)
Seat 4: Sergio02 (18.78)
Seat 5: VincePaq (0)
*** ANTE/BLINDS ***
Dockteur S posts small blind 0.01
sabre_laser posts big blind 0.02
Dealt to sabre_laser [Td Tc]
*** PRE-FLOP *** 
Dockteur S calls 0.01
sabre_laser raises 0.04 to 0.06
Dockteur S calls 0.04
*** FLOP *** [6c Kc 5h]
sabre_laser bets 0.08
Dockteur S folds
sabre_laser collected 0.19 from pot
*** SUMMARY ***
Total pot 0.19 | Rake 0.01
Board: [6c Kc 5h]
Seat 2: sabre_laser (big blind) won 0.19


Winamax Poker - CashGame - HandId: #14086088-472-1586014529 - Holdem no limit (0.01/0.02) - 2020/04/04 15:35:29 UTC
Table: 'Wichita 05' 5-max (play money) Seat #1 is the button
Seat 1: Dockteur S (3.34)
Seat 2: sabre_laser (1.23)
Seat 3: 642b (2)
Seat 4: Sergio02 (18.78)
*** ANTE/BLINDS ***
sabre_laser posts small blind 0.01
642b posts big blind 0.02
Dealt to sabre_laser [Qd Ah]
*** PRE-FLOP *** 
Dockteur S calls 0.02
sabre_laser raises 0.06 to 0.08
642b calls 0.06
Dockteur S calls 0.06
*** FLOP *** [7c 5c Jc]
sabre_laser checks
642b checks
Dockteur S checks
*** TURN *** [7c 5c Jc][Qs]
sabre_laser bets 0.24
642b folds
Dockteur S folds
sabre_laser collected 0.47 from pot
*** SUMMARY ***
Total pot 0.47 | Rake 0.01
Board: [7c 5c Jc Qs]
Seat 2: sabre_laser (small blind) won 0.47


Winamax Poker - CashGame - HandId: #14086088-473-1586014568 - Holdem no limit (0.01/0.02) - 2020/04/04 15:36:08 UTC
Table: 'Wichita 05' 5-max (play money) Seat #2 is the button
Seat 1: Dockteur S (3.26)
Seat 2: sabre_laser (1.38)
Seat 3: 642b (1.92)
Seat 4: Sergio02 (18.78)
Seat 5: joker9520p (2)
*** ANTE/BLINDS ***
642b posts small blind 0.01
joker9520p posts big blind 0.02
Dealt to sabre_laser [8c Kc]
*** PRE-FLOP *** 
Dockteur S calls 0.02
sabre_laser calls 0.02
642b calls 0.01
joker9520p checks
*** FLOP *** [9d 2d 5c]
642b checks
joker9520p checks
Dockteur S checks
sabre_laser checks
*** TURN *** [9d 2d 5c][Jc]
642b checks
joker9520p checks
Dockteur S checks
sabre_laser checks
*** RIVER *** [9d 2d 5c Jc][4c]
642b checks
joker9520p checks
Dockteur S checks
sabre_laser bets 0.05
642b folds
joker9520p folds
Dockteur S folds
sabre_laser collected 0.13 from pot
*** SUMMARY ***
Total pot 0.13 | No rake
Board: [9d 2d 5c Jc 4c]
Seat 2: sabre_laser (button) won 0.13


Winamax Poker - CashGame - HandId: #14086088-474-1586014635 - Holdem no limit (0.01/0.02) - 2020/04/04 15:37:15 UTC
Table: 'Wichita 05' 5-max (play money) Seat #3 is the button
Seat 1: Dockteur S (3.24)
Seat 2: sabre_laser (1.44)
Seat 3: 642b (1.90)
Seat 4: Sergio02 (18.78)
Seat 5: joker9520p (1.98)
*** ANTE/BLINDS ***
joker9520p posts small blind 0.01
Dockteur S posts big blind 0.02
Dealt to sabre_laser [Jd 6d]
*** PRE-FLOP *** 
sabre_laser folds
642b calls 0.02
joker9520p folds
Dockteur S checks
*** FLOP *** [5c 3d Tc]
Dockteur S checks
642b checks
*** TURN *** [5c 3d Tc][8h]
Dockteur S checks
642b checks
*** RIVER *** [5c 3d Tc 8h][6s]
Dockteur S checks
642b checks
*** SHOW DOWN ***
642b shows [Qh Ac] (High card : Ace)
Dockteur S shows [As 6c] (One pair : 6)
Dockteur S collected 0.05 from pot
*** SUMMARY ***
Total pot 0.05 | No rake
Board: [5c 3d Tc 8h 6s]
Seat 1: Dockteur S (big blind) showed [As 6c] and won 0.05 with One pair : 6
Seat 3: 642b (button) showed [Qh Ac] and lost with High card : Ace


Winamax Poker - CashGame - HandId: #14086088-475-1586014663 - Holdem no limit (0.01/0.02) - 2020/04/04 15:37:43 UTC
Table: 'Wichita 05' 5-max (play money) Seat #5 is the button
Seat 1: Dockteur S (3.27)
Seat 2: sabre_laser (1.44)
Seat 3: 642b (1.88)
Seat 4: Sergio02 (18.78)
Seat 5: joker9520p (1.97)
*** ANTE/BLINDS ***
Dockteur S posts small blind 0.01
sabre_laser posts big blind 0.02
Dealt to sabre_laser [2s Js]
*** PRE-FLOP *** 
642b calls 0.02
joker9520p folds
Dockteur S calls 0.01
sabre_laser checks
*** FLOP *** [3c 2c Qh]
Dockteur S checks
sabre_laser checks
642b checks
*** TURN *** [3c 2c Qh][5s]
Dockteur S checks
sabre_laser bets 0.04
642b calls 0.04
Dockteur S folds
*** RIVER *** [3c 2c Qh 5s][Ks]
sabre_laser checks
642b checks
*** SHOW DOWN ***
sabre_laser shows [2s Js] (One pair : 2)
642b shows [Qs Kd] (Two pairs : Kings and Queens)
642b collected 0.13 from pot
*** SUMMARY ***
Total pot 0.13 | Rake 0.01
Board: [3c 2c Qh 5s Ks]
Seat 2: sabre_laser (big blind) showed [2s Js] and lost with One pair : 2
Seat 3: 642b showed [Qs Kd] and won 0.13 with Two pairs : Kings and Queens


Winamax Poker - CashGame - HandId: #14086088-476-1586014721 - Holdem no limit (0.01/0.02) - 2020/04/04 15:38:41 UTC
Table: 'Wichita 05' 5-max (play money) Seat #1 is the button
Seat 1: Dockteur S (3.25)
Seat 2: sabre_laser (1.38)
Seat 3: 642b (1.95)
Seat 4: Sergio02 (18.78)
Seat 5: joker9520p (1.97)
*** ANTE/BLINDS ***
sabre_laser posts small blind 0.01
642b posts big blind 0.02
Dealt to sabre_laser [6c 5h]
*** PRE-FLOP *** 
joker9520p folds
Dockteur S calls 0.02
sabre_laser folds
642b raises 0.02 to 0.04
Dockteur S calls 0.02
*** FLOP *** [7d 3s 3d]
642b checks
Dockteur S checks
*** TURN *** [7d 3s 3d][9h]
642b checks
Dockteur S checks
*** RIVER *** [7d 3s 3d 9h][5d]
642b checks
Dockteur S bets 0.15
642b calls 0.15
*** SHOW DOWN ***
642b shows [Qc Kc] (One pair : 3)
Dockteur S shows [Ad 6d] (Flush Ace high)
Dockteur S collected 0.37 from pot
*** SUMMARY ***
Total pot 0.37 | Rake 0.02
Board: [7d 3s 3d 9h 5d]
Seat 1: Dockteur S (button) showed [Ad 6d] and won 0.37 with Flush Ace high
Seat 3: 642b (big blind) showed [Qc Kc] and lost with One pair : 3


Winamax Poker - CashGame - HandId: #14086088-477-1586014765 - Holdem no limit (0.01/0.02) - 2020/04/04 15:39:25 UTC
Table: 'Wichita 05' 5-max (play money) Seat #2 is the button
Seat 1: Dockteur S (3.43)
Seat 2: sabre_laser (1.37)
Seat 3: 642b (1.76)
Seat 4: Sergio02 (18.78)
Seat 5: joker9520p (1.97)
*** ANTE/BLINDS ***
642b posts small blind 0.01
joker9520p posts big blind 0.02
Dealt to sabre_laser [7d 4h]
*** PRE-FLOP *** 
Dockteur S folds
sabre_laser folds
642b calls 0.01
joker9520p checks
*** FLOP *** [Jh 3s 6h]
642b checks
joker9520p checks
*** TURN *** [Jh 3s 6h][Jd]
642b checks
joker9520p bets 0.02
642b folds
joker9520p collected 0.06 from pot
*** SUMMARY ***
Total pot 0.06 | No rake
Board: [Jh 3s 6h Jd]
Seat 5: joker9520p (big blind) won 0.06


Winamax Poker - CashGame - HandId: #14086088-478-1586014796 - Holdem no limit (0.01/0.02) - 2020/04/04 15:39:56 UTC
Table: 'Wichita 05' 5-max (play money) Seat #3 is the button
Seat 1: Dockteur S (3.43)
Seat 2: sabre_laser (1.37)
Seat 3: 642b (1.74)
Seat 4: Sergio02 (18.78)
Seat 5: joker9520p (1.99)
*** ANTE/BLINDS ***
joker9520p posts small blind 0.01
Dockteur S posts big blind 0.02
Dealt to sabre_laser [8s Jc]
*** PRE-FLOP *** 
sabre_laser folds
642b calls 0.02
joker9520p folds
Dockteur S checks
*** FLOP *** [Js Ad 7d]
Dockteur S checks
642b checks
*** TURN *** [Js Ad 7d][Ks]
Dockteur S checks
642b checks
*** RIVER *** [Js Ad 7d Ks][Jd]
Dockteur S checks
642b checks
*** SHOW DOWN ***
642b shows [Ts 3h] (One pair : Jacks)
Dockteur S shows [7c Qh] (Two pairs : Jacks and 7)
Dockteur S collected 0.05 from pot
*** SUMMARY ***
Total pot 0.05 | No rake
Board: [Js Ad 7d Ks Jd]
Seat 1: Dockteur S (big blind) showed [7c Qh] and won 0.05 with Two pairs : Jacks and 7
Seat 3: 642b (button) showed [Ts 3h] and lost with One pair : Jacks


Winamax Poker - CashGame - HandId: #14086088-479-1586014831 - Holdem no limit (0.01/0.02) - 2020/04/04 15:40:31 UTC
Table: 'Wichita 05' 5-max (play money) Seat #5 is the button
Seat 1: Dockteur S (3.46)
Seat 2: sabre_laser (1.37)
Seat 3: 642b (1.72)
Seat 4: Julien1337 (2)
Seat 5: joker9520p (1.98)
*** ANTE/BLINDS ***
Dockteur S posts small blind 0.01
sabre_laser posts big blind 0.02
Julien1337 posts big blind 0.02 out of position
Dealt to sabre_laser [Js 3c]
*** PRE-FLOP *** 
642b calls 0.02
Julien1337 checks
joker9520p folds
Dockteur S calls 0.01
sabre_laser checks
*** FLOP *** [Ad 2d 3d]
Dockteur S bets 0.02
sabre_laser calls 0.02
642b calls 0.02
Julien1337 calls 0.02
*** TURN *** [Ad 2d 3d][Qc]
Dockteur S bets 0.08
sabre_laser folds
642b calls 0.08
Julien1337 folds
*** RIVER *** [Ad 2d 3d Qc][Kd]
Dockteur S checks
642b checks
*** SHOW DOWN ***
642b shows [Ah 6s] (One pair : Aces)
Dockteur S shows [8c As] (One pair : Aces)
Dockteur S collected 0.30 from pot
*** SUMMARY ***
Total pot 0.30 | Rake 0.02
Board: [Ad 2d 3d Qc Kd]
Seat 1: Dockteur S (small blind) showed [8c As] and won 0.30 with One pair : Aces
Seat 3: 642b showed [Ah 6s] and lost with One pair : Aces


Winamax Poker - CashGame - HandId: #14086088-480-1586014910 - Holdem no limit (0.01/0.02) - 2020/04/04 15:41:50 UTC
Table: 'Wichita 05' 5-max (play money) Seat #1 is the button
Seat 1: Dockteur S (3.64)
Seat 2: sabre_laser (1.33)
Seat 3: 642b (1.60)
Seat 4: Julien1337 (1.96)
Seat 5: joker9520p (1.98)
*** ANTE/BLINDS ***
sabre_laser posts small blind 0.01
642b posts big blind 0.02
Dealt to sabre_laser [8h 4c]
*** PRE-FLOP *** 
Julien1337 calls 0.02
joker9520p folds
Dockteur S calls 0.02
sabre_laser calls 0.01
642b checks
*** FLOP *** [Ah 5h 2s]
sabre_laser checks
642b checks
Julien1337 bets 0.02
Dockteur S folds
sabre_laser calls 0.02
642b calls 0.02
*** TURN *** [Ah 5h 2s][6h]
sabre_laser checks
642b checks
Julien1337 bets 0.02
sabre_laser folds
642b raises 0.02 to 0.04
Julien1337 calls 0.02
*** RIVER *** [Ah 5h 2s 6h][5s]
642b checks
Julien1337 bets 0.02
642b raises 0.02 to 0.04
Julien1337 calls 0.02
*** SHOW DOWN ***
Julien1337 shows [Tc Ad] (Two pairs : Aces and 5)
642b shows [As 6c] (Two pairs : Aces and 6)
642b collected 0.28 from pot
*** SUMMARY ***
Total pot 0.28 | Rake 0.02
Board: [Ah 5h 2s 6h 5s]
Seat 3: 642b (big blind) showed [As 6c] and won 0.28 with Two pairs : Aces and 6
Seat 4: Julien1337 showed [Tc Ad] and lost with Two pairs : Aces and 5


Winamax Poker - CashGame - HandId: #14086088-481-1586014997 - Holdem no limit (0.01/0.02) - 2020/04/04 15:43:17 UTC
Table: 'Wichita 05' 5-max (play money) Seat #2 is the button
Seat 1: Dockteur S (3.62)
Seat 2: sabre_laser (1.29)
Seat 3: 642b (1.76)
Seat 4: Julien1337 (1.84)
Seat 5: joker9520p (1.98)
*** ANTE/BLINDS ***
642b posts small blind 0.01
Julien1337 posts big blind 0.02
Dealt to sabre_laser [6s 9d]
*** PRE-FLOP *** 
joker9520p folds
Dockteur S calls 0.02
sabre_laser folds
642b calls 0.01
Julien1337 checks
*** FLOP *** [7d 4d Kd]
642b checks
Julien1337 checks
Dockteur S checks
*** TURN *** [7d 4d Kd][Kc]
642b checks
Julien1337 checks
Dockteur S checks
*** RIVER *** [7d 4d Kd Kc][4s]
642b bets 0.03
Julien1337 folds
Dockteur S folds
642b collected 0.09 from pot
*** SUMMARY ***
Total pot 0.09 | No rake
Board: [7d 4d Kd Kc 4s]
Seat 3: 642b (small blind) won 0.09


Winamax Poker - CashGame - HandId: #14086088-482-1586015040 - Holdem no limit (0.01/0.02) - 2020/04/04 15:44:00 UTC
Table: 'Wichita 05' 5-max (play money) Seat #3 is the button
Seat 1: Dockteur S (3.60)
Seat 2: sabre_laser (1.29)
Seat 3: 642b (1.80)
Seat 4: Julien1337 (1.82)
Seat 5: joker9520p (1.98)
*** ANTE/BLINDS ***
Julien1337 posts small blind 0.01
joker9520p posts big blind 0.02
Dealt to sabre_laser [Kh Jc]
*** PRE-FLOP *** 
Dockteur S calls 0.02
sabre_laser calls 0.02
642b calls 0.02
Julien1337 calls 0.01
joker9520p checks
*** FLOP *** [Qs 3c 8c]
Julien1337 checks
joker9520p checks
Dockteur S checks
sabre_laser checks
642b checks
*** TURN *** [Qs 3c 8c][7d]
Julien1337 checks
joker9520p bets 0.03
Dockteur S raises 0.03 to 0.06
sabre_laser folds
642b folds
Julien1337 folds
joker9520p folds
Dockteur S collected 0.18 from pot
*** SUMMARY ***
Total pot 0.18 | Rake 0.01
Board: [Qs 3c 8c 7d]
Seat 1: Dockteur S won 0.18


Winamax Poker - CashGame - HandId: #14086088-483-1586015094 - Holdem no limit (0.01/0.02) - 2020/04/04 15:44:54 UTC
Table: 'Wichita 05' 5-max (play money) Seat #4 is the button
Seat 1: Dockteur S (3.70)
Seat 2: sabre_laser (1.27)
Seat 3: 642b (1.78)
Seat 4: Julien1337 (1.80)
Seat 5: joker9520p (1.93)
*** ANTE/BLINDS ***
joker9520p posts small blind 0.01
Dockteur S posts big blind 0.02
Dealt to sabre_laser [5s 6h]
*** PRE-FLOP *** 
sabre_laser folds
642b calls 0.02
Julien1337 calls 0.02
joker9520p folds
Dockteur S raises 0.04 to 0.06
642b calls 0.04
Julien1337 folds
*** FLOP *** [Tc 4d 9d]
Dockteur S bets 0.15
642b calls 0.15
*** TURN *** [Tc 4d 9d][8h]
Dockteur S bets 0.45
642b folds
Dockteur S shows [Td Ts] (Trips of Tens)
Dockteur S collected 0.87 from pot
*** SUMMARY ***
Total pot 0.87 | Rake 0.03
Board: [Tc 4d 9d 8h]
Seat 1: Dockteur S (big blind) showed [Td Ts] and won 0.87 with Trips of Tens


Winamax Poker - CashGame - HandId: #14086088-484-1586015149 - Holdem no limit (0.01/0.02) - 2020/04/04 15:45:49 UTC
Table: 'Wichita 05' 5-max (play money) Seat #5 is the button
Seat 1: Dockteur S (3.91)
Seat 2: sabre_laser (1.27)
Seat 3: 642b (1.57)
Seat 4: Julien1337 (1.78)
Seat 5: joker9520p (1.92)
*** ANTE/BLINDS ***
Dockteur S posts small blind 0.01
sabre_laser posts big blind 0.02
Dealt to sabre_laser [7h Th]
*** PRE-FLOP *** 
642b calls 0.02
Julien1337 folds
joker9520p folds
Dockteur S calls 0.01
sabre_laser checks
*** FLOP *** [7d 5h 5d]
Dockteur S checks
sabre_laser bets 0.06
642b calls 0.06
Dockteur S folds
*** TURN *** [7d 5h 5d][Kd]
sabre_laser checks
642b checks
*** RIVER *** [7d 5h 5d Kd][Td]
sabre_laser bets 0.02
642b folds
sabre_laser collected 0.19 from pot
*** SUMMARY ***
Total pot 0.19 | Rake 0.01
Board: [7d 5h 5d Kd Td]
Seat 2: sabre_laser (big blind) won 0.19


